1798 2324
200 465 1628 520 "Nel tempo esteso, continua il Poliziano, gli schermi destinati a Lorenzo sonogli addosso.
194 539 1628 600 Il Volterrano colla sinistra gli afferra una spalla, miragli un colpo alla gola. Egli in-
198 613 1636 678 perterrito, giù il mantello, al sinistro braccio lo avvolge, fuori la spada; ma nel voler
188 692 1634 754 distrigarsi è ferito nel collo. Etc. Il Bandini, trucidato Giuliano, nè pago di sua par-
182 765 1638 832 te, cerca Lorenzo; ma egli s'era già salvato in Sagrestia. Imbattutosi però in Francesco Novi,
196 843 1638 904 molto esperto facitore delle cose de' Medici, te gli affonda la spada nel petto, e quasi
186 917 1636 976 il fa a ghiado. Il palpitante cadavere è portato nella Sagrestia dove s'era Lorenzo ritaglia-
190 994 1630 1058 to." Anche il Poliziano, con gli altri s'è salvato; sbarrano la porta di bronzo. Cercano di
186 1068 1632 1132 curare le ferite di Lorenzo: un amico gliela succhia, temendo che fosse di ferro avvelenato.
194 1143 1634 1208 Arrivano rinforzi. Il Poliziano come a casa propria, e Lorenzo accompagnato in palazzo.
178 1217 1636 1284 Poi incomincia la scazione, e la caccia ai congiunti. La congiura finì con la cattura dei capi
190 1293 1522 1358 e degli affiliati: 17 impiccati, altri decapitati; il resto, o confinati o sbanditi.
199 1380 541 1432 Per me, la secchezza,
525 1348 554 1400 la
546 1370 1630 1422 rapidità e precisione dello stile della Cronaca hanno riscontro col gu-
200 1447 1606 1506 sto e lo stile, con l'estetica e il tono morale della grafia, del segno ascritto, tagliente di
202 1519 1576 1583 quei fogli del Pollaiuolo, e in genere con la particolare mentalità d'arte della sua opera di
196 1595 1596 1664 pittore, di scultore e di orafo. Qualcosa, che mantiene la traccia degli strumenti, degli arnesi,
188 1671 1628 1733 dei ferri del suo lavoro; e che è riscontrabile in tante manifestazioni dell'ingegno, dell'arte
198 1755 580 1810 fiorentina di quel tempo.
206 1817 1438 1881 Si può ritrovarne la prova, oltre che nelle opere, nei commenti, e nella critica
1234 1785 1448 1823 dell'Ortolani
1446 1821 1576 1873 ; come in
202 1901 1612 1962 alcune pagine, appropriatissime, di Emilio Cecchi, che a più riprese è tornato du codesto argo-
202 1975 1586 2034 mento. Come quando scrive, ricordando le cose citate del Pollaiuolo:"E' come un seguito di
