1798 2324
212 220 390 276 22 maggio
622 282 1386 350 Le Rime di Dante e gli scultori Pisani.
200 438 1572 506 La Vita Nova: tentativo di unificazione poetica / Contini), cioè di unificazione tra la
184 516 1612 582 materia autobiografica, la materia biografica della giovinezza, e quella proposta dalla
196 588 1630 660 fantasia e dal sentimento. Quindi, dentro uno schema narrativo, l'effluvio di cose im-
196 668 1620 739 palpabili di un mondo, di un'emisfero "poetico" e intellettuale, da lui solo raggiunto.
202 733 1614 801 Anche la "Vita Nova" è dunque un poema d'amore, un romanzo, un "canto" nella tradi-
196 831 472 896 zione provenzale.
200 968 1590 1032 "Il Dolce stile è la scuola che contiene con maggior consapevolezza e buona grazia il
192 1044 1622 1111 senso della collaborazione a un'opera di poesia oggettiva, e insomma la scuola che più
178 1118 1598 1186 ha il senso della scuola." Contini, pag.13" Ci sono in più, nel dolce stile, tutte le
200 1192 1616 1258 premesse sentimentali d'una congruenza di lavoro, e in primo luogo l'ira d'una
198 1270 1652 1336 amicizia che ricorda, in questi signori decaduti e borghesi dell'alta cultura, la pari-
182 1348 956 1414 tà e la solidarietà dei cavalieri         .
214 1424 612 1488 Tre amici di Dante:
209 1496 1624 1561 Guido Guinizzelli, "un curiale guittoniano" che "giungeva a includere l'aned-
201 1580 1222 1632 dotica borghese di chi vedesse a Lucia un var capuzzo".
212 1722 1588 1789 Guido Cavalcanti,intruso in tutti i generi della lirica stilnovistica ma che non
214 1794 1648 1861 "comprometteva mai la sua malinconia splentica di gentiluomo  un po' snob"
228 1924 1632 1978 Cino da Pistoia: "l'unità tonale di questo precursore di Petrarca è un tantino
218 1968 1634 2020 involontaria, o diciamo psicologistica; ecc.ecc." si ricondnduce ai modi carica-
227 2006 1214 2062 rali d'un Cecco Angiolieri e del Trecento giullaresco"
