1798 2324
983 188 1434 232 La valigia delle Indie
630 220 1022 264 Ricordo delle rime
213 460 931 514 Non si trattava che di un mediocre filone
825 391 986 445 di oggetto
916 353 1160 390 smaccatamente
993 389 1155 447 medievale
943 455 1171 512 sulle crociate ,
1187 406 1258 465 con
1175 453 1624 507 qualche personaggio storico
187 541 552 593 o di leggenda inglese
358 498 665 552 brettone o nibelingica
549 529 1655 589 Tra gli attori, un'attrice americana, celebre per bellezza, che qui in-
197 614 1035 667 terpretava una regina o principessa: il volto ovale,
984 582 1314 614 pallido e marmoreo
1054 604 1653 654 racchiuso dentro bende e fascie. Met-
203 680 1187 747 tiamo che poteva raffigurare Isotta, o non so chi.
1060 656 1362 694 Si usciva dalla sala
1200 675 1631 727 dalla sala, e sbattendo la
203 771 291 833 porta,
234 748 320 780 a vetri
293 758 1647 818 mentre ancora crepitava la macchina nella cabina di legno: -" Sai chi mi ri-
191 838 627 896 corda?"- disse un amico
554 799 703 850 a proposito
641 838 946 888 della bella regina.
771 793 987 848 in bende e veli.
953 831 1655 887 _ "Margherita di Brabante, se non sba-
204 921 1638 974 glio; la moglie di Arrigo Settimo; nella scultura, nella tomba scolpita da Giovanni Pi-
202 996 1616 1052 sano."- Con gli amici, si percorse il tratto di viale, coperto dalle pesanti verdure
199 1055 1272 1120 degli ippocastani, che ne fanno come un tunnel fresco e odoroso
990 1034 1456 1072 fino a due passi da casa mia.
1283 1059 1645 1111 . Mi ronzava in capo
201 1145 627 1200 il confronto; e quei nomi
500 1121 662 1154 correvano
628 1132 1615 1191 : Giovanni Pisano, Arrigo Settimo; i quali, con un naturale
190 1223 1638 1272 meccanismo, misero in movimento idee e suggestioni che, partendo da letture passate
200 1295 857 1352 delle rime di Dante, mi avevano, in
838 1258 894 1310 un
881 1284 1613 1337 tempo più recente, spinto in un groviglio di
212 1375 1652 1423 raffronti tra la sostanza di queste (lo stile) e la particolar pratica espressa dall'arte
204 1459 980 1502 di scultori pisani, tra il due e il trecento.
220 1526 1656 1578 Rientrato in casa / sarebbe stata l'ora di andare a letto), volli ritrovare le rime, sull'e-
198 1598 1642 1650 dizione continiana. Libro di grande conforto. Mi spiegherò. L'avevo con me, nell'inverno
202 1668 926 1727 tra l'anno '43 e il '44; e mi tenne grande
728 1650 940 1692 fece buona
935 1664 1651 1716 compagnia. Nella casetta del paese ferrarese,
202 1720 580 1760 affondata dietro la canonica,
192 1755 1660 1806 e notti di gelo e di neve, non decidevo di andarmene a dormire. Aggiustavo qualche pezzo
216 1825 1648 1878 di legna nella stufa; mi preparavo un poco di tabacco; mettevo il libro nel tavolo di cuci-
200 1902 1626 1960 na. Data la buona notte a mia moglie, mi abbandonavo al libro. In verità un libro magno,
216 1972 1074 2035 agile; ma stipato di affetti, di passioni. E là dentro,
1020 1942 1196 1974 come si sa,
1082 1961 1663 2015 risuonano i sentimenti dell'esilio:
