1798 2324
246 453 1632 529 La spinta poetica, a comporre cioè poeticamente la storia di un sentimento,
178 529 1632 605 cerca subito di esternarsi in una materia ferma e visibile, intorno alla quale l'au-
166 607 1584 681 tore vuol lavorare con una insistenza che sente lo strumento, ne conserva i
170 681 1634 757 segni sull'opera: come di scalpello, di punta di ferro, di trapano sul marmo, sulla
174 759 1622 826 pietra. Rispondimi, se puoi, altro che "Nulla". / Maledetta tua culla, / che lu-
166 833 1616 907 singò cotanti sonni invano; / maledetto lo tuo perduto pane,/ che non si perda
166 909 1602 981 al cane...) Qui è la stretta dell'operaio sullo strumento di lavoro. Senti come
172 984 1608 1061 lo stringi, e sforza su di lui. Ancora è l'ago del trapano che sfrigola, volando via
172 1060 1624 1137 la pietra come polvere. Intanto si delinea un disegno, un bordo, una frangia, lieve,
176 1134 1614 1209 mossa, attraversata da un filo di vento./ Le figure di Giovanni Pisano nella fontana di
178 1212 1624 1281 Perugia) Egli vuol dare corpo ai sentimenti; e li veste subito di carne, di sostan-
188 1289 1598 1363 za umana. Li vede muovere, agire. E' in questo rappresentare l'azione di un
192 1365 1636 1437 sentimento che si palesa una sua qualità figurativa. Il dolore, l'amicizia: han-
182 1440 1596 1515 no un viso, e un corpo. Questa concezione figurativa e fortemente simbolica è
186 1517 1636 1589 ancora l'espressione della mente gotica di Dante, in cui sentimenti e sensazioni,
186 1595 1628 1661 cioè la sostanza dell'incompreso, si configurano in atti, e azioni quasi tea-
194 1672 1594 1741 trali, di una drammaticità tanto improvvisa quanto rozza e medievale.
297 1750 1129 1807 ("Allor mi surgon nella mente strida",
194 1818 1632 1893 che, se non fosse d'un contenuto lirismo classico, quasi come un verso di Seneca,
196 1894 1610 1965 di cui conserva la potenza scenica, sarebbe già l'anticipo della categoria dei>
196 1971 1488 2039 sinistri e lugubri gridi che attraversano le tragedie di Shakespeare.)
