1798 2324
172 465 1560 520 scene di una gigantomachia", che è anche lo spirito della cronava polizianesca; e quando
172 539 1590 594 precisa:"Il Pollaiuolo, dallo spettacolo dell'esistenza estrae così l'immagine di una rissa
180 617 1584 678 perpetua; o l'immagine di dolori che si manifestano in azioni non meno frene-
174 689 1568 748 tiche di quelle d'una rissa o d'una battaglia. Guardate nel disegno dell'Ercole e i
184 765 1586 826 giganti: le grinte, le grinfie, i muscoli d'acciaio, le mascelle da stritolare i sassi.
178 839 1572 898 Impacchettati uno nell'altro, gli ignudi come si succhiellano con le daghe. Stanno in
170 918 1614 970 bilico sulla punta dei ferri. "Questa è l'arte toscana, che sembra guardare più da vicino
170 995 1588 1050 e con più calma, ogni aspetto di natura. E gli occhi dei suoi autori, con fredda fantasia,
172 1071 1586 1126 con pazienza, con arguzia, pentrare in ogni parte del vero: piante, fiori, cielo e senti-
162 1147 1610 1202 menti dell'uomo, con infinite liceità e forza, fino ad essere eleganza e spirito. Una cogni-
166 1228 1572 1280 zione e una meditazione, una convivenza col vero, col cuore più profondo della verità.
161 1289 1379 1348 Di qui, lo spirito e l'intellettuale coscienza del vero, e della natura. Un
1362 1260 1446 1292 giorno
1393 1288 1598 1355 io guardavo,
150 1371 1606 1426 in San Pietro di Roma, la Tomba di Sisto IV. Anzichè nel bronzo, si direbbe che il Pollaiuo-
154 1443 1586 1506 lo abbia lavorato in una sudata, molle, misteriosa materia, quale possa essere espressa, spre-
156 1525 1556 1576 muta dalla mente umana. Il corpo del vecchio papa giace, cadavere di povera carne, ma
150 1598 1610 1650 trasformato in un simbolo più duraturo di passioni, di desideri e di volontà umane. L'in-
150 1675 1598 1728 trico di questi è così profondo che dilaga, dal corpo, alle vesti, agli ornamenti, alle vesti
150 1760 1624 1802 ai cuscini, che divengono così una vegetazine mostruosa, di una natura indecifrabile. Al-
151 1829 224 1881 lora
162 1796 272 1834 si pensa
222 1823 1617 1873 che la fantasia dell'artista, con mezzi inafferrabili, abbia riassunto ed espres-
162 1899 1568 1949 so, quasi senza compiacersene, la potenza e la vastità del rapporto tra il cuore umano,
1402 1873 1584 1910 così fragile
1577 1892 1601 1944 e
154 1975 1616 2030 le forme della natura. (Avevo finito il mio giro nell'orto, richiuso il libro. Qualcuno in-
