1798 2324
626 439 1182 493 La cronaca del Poliziano.
224 518 1652 576 In una mattina di domenica, della metà di maggio. Mentre in casa tutti dor-
196 593 1628 652 minavano, ero uscito nell'orto per guardare le rose. Appena tra un'aiuola e la sie-
190 668 1640 734 pe, inciampai nella tartaruga, col dorso ancora luccicante di rugiada. La scansai su-
190 743 1614 804 bito per un senso di sospetto che coteste bestie mi mettono. E osservai una rosa bianca, di
192 817 1588 880 stelo alto, che tremava, come animata. Tra i petali morbidi e teneri scorsi un paio di
188 893 1633 954 scarabei. Verdi di corazza, come un gioiello egiziano. Verdi, con riflessi d'oro, inquieti,
186 971 1610 1028 indaffarati, trafficavano con le zampine tra i pistilli gialli della rosa di carne bianca.
202 1047 1642 1106 E davano il senso d'una vita che scorreva, nascosta, tra le cose naturali della natura.
210 1123 1638 1178 Così mi venne di pensare a una qualità dell'arte toscana, lì tra le foglie che spec-
210 1197 1646 1256 chiavano di verde, tra i rami teneri e vivi che spuntavano dalla terra fresca dell'al-
212 1281 396 1334 ba recente.
222 1350 1658 1405 Avevo appena finito di leggere la narrazione del Poliziano nella congiura dei Pazzi.
214 1425 1656 1480 tenevo ancora il libro fra le mani. Quasi a ricordarmi di qualcosa. E mi ricordai, aven-
202 1501 1620 1560 do ancora in mente, e quasi davanti agli occhi la sanguinosa azione del 26 aprile 1478,
198 1578 1614 1634 del Poliaiuolo, e delle sue fantasie di ammazzamenti, e di conflitti cruenti, di scene con
210 1645 1312 1701 armati Intanto la Battaglia dei      nell'incisione famosa: dove
1314 1608 1343 1658 è
1327 1643 1655 1699 il gruppo di maschi
209 1725 357 1778 inferociti
361 1690 393 1741 che
370 1724 1261 1775 si azzuffano con le spade ricurve, quasi orientali,
1242 1698 1328 1734 taluni
1274 1724 1634 1777 riposatamente, sui corpi
214 1801 1624 1866 dei giganti, incidono e squartano con sottili coltelli, col gusto tranquillo del macellaio
220 1875 1612 1940 in bottega.    Pertanto, sangue non scorre : tutto è terso, pulito. Come in
210 1955 1650 2016 grinta sono atroci, spaventose; e basta osservare dove mirano gli occhi dei combattenti: al ventre,
