1798 2324
196 455 1624 513 E' questa ansia morale, che gli suggerisce l'osservazione continua di oggetti,
194 533 1653 587 di cose, umani, quotidiani e materiali: come la culla, il pane, il letto, in-
190 607 1622 665 torno a cui s'aprono occhi e bocche vive di carne. Oggetti vivi e materiali, ricavati in
200 681 1634 743 una materia solida, con il marmo di Nicola Pisano ne pulpito di Pisa. Di continuo,
194 763 1646 813 codesti sentimenti fatti oggetti, gli riportano le espressioni proverbiali, le parole del popo-
186 836 1612 891 lo. Nasce la parola, cioè la pisana lingua italiana, in Dante, come un sangue nel corpo.
192 913 1630 965 Sempre Dante concepisce i sentimenti in azione, anzi in figure e persone. così:"Un dì si
190 989 1644 1041 venne a una Malinconia", oppure: "Tre donne intorno al cor mi son venute, / e seggonsi
194 1054 1659 1119 di fore..." Siedevo là fuori: è l'inizio di un colloquio, di una conversazione "in scena". E'
198 1141 1644 1195 in principio, o il primo atto, di un'azione lirica, prossima a farsi teatro o dramma, ed
208 1220 1654 1273 è già contrasto, giuoco di passioni, mosse dal tempo e dal destino. Una poesia per coro, reci-
206 1283 1555 1344 tata a più voci: o sprigionata, come nel drammatico gruppo di Trino di Camaino,
1542 1268 1608 1300 dell'
1568 1280 1651 1331 di Ar-
204 1365 263 1415 rigo
246 1352 370 1382 Settimo
296 1365 741 1415 seduto tra i suoi ministri,
592 1336 948 1368 corpulenti e sanguigni
752 1365 1651 1416 dall'opaco silenzio della pietra lievitante. Secolo, quello,
198 1452 1654 1490 allo sboccio di una civiltà nuova, di una nuova umanità: gli uomini si riconoscono, e parla-
206 1515 250 1566 no
202 1496 328 1530 insieme
256 1518 1614 1570 , e si muovono insieme. Così le passioni, in Dante, muovono tutte a un tempo, pesanti,
219 1591 1183 1643 profonde, come, in codesti Pisani, profondamente
982 1568 1268 1600 lo scalpello scava
1193 1589 1625 1639 nella pietra e nel sasso a
202 1677 632 1722 trovare la forma umana.
222 1745 1638 1797 Dove invece l'ispirazione delle Rime ricade ai tempi del Dolce stile, ai cari maestri ed
198 1822 1644 1871 esempi della sua giovanile poesia, altro è il rapporto figurativo:"..ed al bianchir dè
194 1897 1644 1945 colli,/ quando si perde lo color ne l'erba.." "O questo:"..perchè si mischia il creppo giallo
201 1968 647 2022 e 'l verde". Qui, come in
642 1932 706 1987 una
667 1964 1645 2016 vetrata gotica di Francia, del tempo Arnant Daniel, s'ac-
