1798 2324
202 476 1580 534 fatto porosa. ( Dolesi l'una con parole molto, /e'n su la man si posa
210 551 1636 603 come succisa rosa:/ il nudo braccio, di dolor colonna /, sente l'oraggio che ca-
204 626 540 680 de dal volto...)
204 700 1624 756 Pensavo alla Vergine della Natività, di Arnolfo. La figura è distesa, di donna sul letto
192 776 1642 836 di famiglia. Come contadina colta dal pensiero della maternità. Regge il busto nel brac-
206 854 1644 908 cio piegato, disteso il corpo, allungato, di dolce animale stanco. La veste si muove in pieghe
196 930 1656 986 seguenti, composte e ritornanti: come onda di mare sulla riva. Ogni sentimento, in Dante,
194 1004 1612 1060 tende a rappresentarsi in azione umana, chiusa in una immobilità marmorea, di
186 1156 1392 1214 ne dell'esilio:_"l'altra man tien ascosa / la faccia lacrimosa."
210 1233 1628 1288 Dante la scrisse, pare, nel '302, che è l'anno stesso della morte di Arnolfo. E' in
192 1320 1632 1358 essa che, fin dal principio /Tre donne intorno al cor mi son venute), conferma quella
196 1381 481 1434 sua        ,
266 1362 484 1400 magnanima
489 1382 1599 1433 mostruosa tendenza e disposizione naturale a costruire figure
194 1460 1602 1514 nello "spazio", quasi incurante di tutta la suggestione e del dominio puramente
162 1536 1624 1592 musicale che la poesia aveva tenuto nel suo tempo, e in quello immediatamente pre-
162 1610 1636 1672 cedente. Si avverte il perchè, in Dante, la poesa si identifica di continuo con l'i-
184 1686 1644 1748 dea, tutta plastica, di figura, e con il concetto di virtù. Queste figure s'impongono,
190 1760 1602 1816 col gesto, sospeso e fermato, della tragica statuaria greca e romana, in cui medita
188 1838 1624 1892 e stagna la passione morale di un popolo che, disponendo di mezzi d'espressione
184 1914 1652 1972 supremamente umani, ma non umanistici, e conoscendo da vicino la forza remo-
192 1990 1590 2046 ta della natura, poteva permettersi di concepire la poesia in pure forme di stile.
