1798 2324
172 428 1614 498 al collo; come ostentate anatomie anatomie del sesso. Alberi e fogliami, ornati arbusti, compongono
162 503 1594 570 uno sfondo classicissimo di arazzo rinascimentale. La scena all'incisa si ripete nel di-
166 578 1574 646 segno di Ercole e i Giganti. Uomini e ignudi anche in questo, ma, se possibile, ancora
166 655 1606 724 più ignudi e gelidi: come le figure di un intarsio di marmi, bianche su fondo
160 727 1436 793 nero di lavagna. I corpi tesi, nel contorno accuminato del disegno, come in
1417 686 1468 742 un
1446 729 1587 781 fregio di
166 806 1596 871 vaso greco. E pure da questa forbitezza tagliente del segno e della forma, sorte un'in-
160 882 1572 947 magine di ferocia amorta, e quasi metafisica. Quando mi ricordai che la data delle due
158 957 1612 1023 celebri tavolette di Ercole e centro e di Ercole e l'idea sono proprio dell'anno 1478, non
170 1034 1572 1098 potrei più rinunicare all'idea di conflitto, di rissa, e di assassinio che in mente mi
168 1111 1608 1173 congiungeva la cronaca del poeta Poliziano con l'opera del pittore, orafo e incisore fiorentino.
226 1185 1564 1246 Leggevo la cronaca polizianesca, o commentario com'egli la chiama, più che sul
176 1259 1610 1321 testo nella volgarizzazione, assai cincischiata del purista Anicio Bonucci, che, per quanto
162 1337 1624 1399 tale, non riesce a diminuire l'efficacia bellissima dell'originale. Siamo alla scena in Duomo.>
173 1408 1590 1476 "Comunicatosi appena il prete, a un cenno Bernanrdo Bandini, Francesco Pazzi, e altri
172 1491 1610 1553 Congiurati giratogli attorno, pigliano in mezzo Giuliano Bandini, il primo, con un
160 1562 1610 1629 colpo trapassali il petto. Il semivivo fa prova fuggire; e lui dietro. Fatti alcuni passi
162 1639 1574 1705 e mancandoli col sangue le forze, mentre stramazza eccoli sopra Francesco, e i
166 1716 1606 1776 colpi non aspettano i colpi. e così t'ammazzano quel sì dabben Giovane." Sono atti-
162 1802 1620 1840 mi di terpore nella Chiesa da cui, chi può, è scappato. Tutti scappano, con un battere sordo
158 1870 293 1922 di tacchi
232 1850 316 1880 scarpe
312 1867 1602 1917 sui lastroni del pavimento. Tutti gridano; poi è silenzio improvviso, come è
158 1942 522 2004 nei delitti di sangue.
