1798 2523
673 269 1061 327 Viaggio in Belgio
1478 272 1567 357 1
1555 335 1632 391 1
300 335 435 450 Ensot
1331 409 1507 471 Casson
267 513 1641 567 Com'è difficile intendersi, anche fra persone in buona fede. Si era a pranzo: e dalla
225 589 1668 643 vasta spiaggia iridata, dopo una mobile, lenta frangia di schiuma, incominciava a sten-
219 675 1669 711 dersi, prendeva spazio, prendeva corpo la distesa, quasi immobile, verdastra, nerastra del
221 738 595 791 mare del Nord. Si fece,
583 719 759 753 non so come,
602 734 1673 795 il nome di Ensor: e io raccontavo in termini di meraviglia, non so
233 813 1671 869 trovare altre parole, la visita compiuta la vigilia alla casa di Ensor.        , che mi se-
227 887 1653 944 deva a fianco, interruppe con garbo la mia ammirazione. Disse di conoscere bene, il
231 977 1682 1020 luogo, l'uomo e la sua opera. La sua osservazione: il pensiero, girando sui dettagli, mirava-
227 1039 1162 1094 no ad un giudizio. Disse di essere stato, anch'egli, preso
1117 1015 1227 1049 una volta
1168 1037 1683 1089 nel sortilegio di quell'arte e del
218 1115 1683 1170 suo ambiente. Ma non a lungo: -sembrava sottindere. Parlò di Ensor, come di un mago bonario,
225 1192 1681 1248 di un malizioso stregone, nella sua bottega. Il grosso viso di Casson: la sua maschera di Ca-
222 1267 1668 1323 tino ammiccava negli occhi. Azzarda appena:"..un bon vicux malin..." Fu pronta la rispo-
216 1343 1691 1397 sta:"..oni, mais pons comme ce vieux Cezanne..."- Aveva ragione: altra cosa. Il cri-
220 1421 1681 1477 tico parigino spiegò, in breve, quello che divide l'arte e lo spirito del nord dall'arte
221 1497 825 1555 e dallo spirito francese. Tuttavia...
233 1570 1640 1626 Bisogna vederla, quella casa di Ensor: la bottega di conchiglie</hi>, al n° 27 di rue de
234 1647 1672 1704 Flandre. Vista di fuori, è un negozio come in tante città di mare: una vendita di ri-
238 1722 1682 1779 cordi, di regalucci, per marinai di passaggio. Poichè il porto è qui dietro, a due passi, do-
236 1796 1665 1856 vevano venirci volentieri. Trovavano vasi di foggia orientale, bambole avvolte nelle stinte
227 1876 1114 1928 seta giapponesi, statuette: finte        , da poche lire.
691 1833 1483 1883 Bastimentini in miniatura; piccole ancore dorate.
1130 1874 1660 1926 Perfino cuori d'argento, e cuori da
231 1949 1664 2005 offrire in chiesa: a rammentare la tremenda burrasca di mare, un naufragio miracolosa-
223 2031 1688 2083 mente scampato. Poi, le maschere: maschere del carnevale ostendese, buffe, comiche, spaven-
