1798 2523
1566 319 1618 372 3.
241 518 1605 571 I clienti dormono. Lunghi mesi sono trascorsi, qui dentro, per il poeta di Parigi. Venuto
233 594 1637 655 per passare qualche settimana, e per tenere un ciclo di conferenza, Baudelaire restò a Bru-
229 668 1659 725 xelles, come un prigioniero volontario nella sua prigione. Come un esiliato. La tristezza: una tristez-
233 744 1657 799 za invincibile, lo teneva legato, in una camera d'albergo. Ne usciva, nei pomeriggi, per cam-
229 820 1643 875 minare un poco; per incontrare, al caffè inglese di Rue Villa-Hermosa, qualche conoscente, due
229 895 1661 951 o tre amici. Passò la primavera; passò l'estate; passò l'autunno; passò l'inverno. E incomin-
235 983 1667 1019 ciò un'altra primavera. Il freddo continuava, in primavera, dell'anno 1865. Baudelaire,
231 1025 447 1061 seduto da solo,
229 1044 1663 1096 davanti alla stufa di ferro dell'albergo, pensava al caminetto lasciato a Parigi: o a quello,
233 1126 793 1181 alla casa della madre a Honfleur.
240 1194 1504 1250 Qual'era la camera che occupò Baudelaire all'Hotel du Grand Miroir?
1399 1159 1518 1207 Nessuno
1515 1192 1666 1242 se ne ricor-
232 1276 515 1328 dava. Una di queste,
425 1245 599 1277 certamente
528 1266 1649 1319 tutte uguali, dove adesso dormono i viaggiatori, venuti per i loro affari, i
243 1348 1633 1409 turisti di passaggio. Le conferenze del poeta al Circle des Arts furono un disastro. Nella
235 1433 1667 1477 prima, parò di Eugène Delacroix; nella seconda di Théophile Gantheir. Un testimonio, Ca-
234 1495 961 1554 mille Lemmonieur, ricorda questa ultima serata.
235 1470 1583 1517 Baudelaire leggeva, con voce calma, limpida, seduto al tavolino, davanti alla lampada a gas.
976 1495 1676 1549 La sala, quasi vuota: forse venti, gli ascoltatori;
249 1585 1637 1633 si ridussero, verso la fine, a due o tre. Baudelaire parlava, guardando le panche vuote, in
241 1651 333 1708 fila.
231 1617 1175 1657 La sua voce, ommutata, s'incrinava appena di un poco di stanchezza.
344 1647 1668 1698 Alla fine, si alzò, fece un triplice inchino al mondo assente. Raccolse, quieta-
240 1732 1407 1783 mente, le sue carte. L'usciere, dietro di lui, spense la luce nella sala. Il
229 1686 1631 1751 si videro, per un momento ancora, le sue mani, fuori dalle maniche bianche della camicia, tremare
1428 1722 1670 1783 insensibilmente.
245 1803 1641 1865 poeta scese adagio le scale, illuminate male dalla fiammetta dentro la campana di vetro.
259 1878 1663 1933 Fu nella Grand' Place. Al piano terreno, nel palazzo gotico dove aveva sede il Circolo, era-
248 1952 1652 2008 no, a quel tempo, dei negozi, degli uffici di sementi, di granaglie. E un grande magazzino
244 2036 294 2086 di
296 2000 351 2054 un
299 2031 1656 2083 mercante di uccelli. Un incerto odore di campagna, usciva di là dentro, a un fruscio spento
