1798 2523
1427 271 1516 363 5
1535 318 1603 363 2
365 418 643 473 baccanti
203 528 1647 567 nostro Bartolomeo Passerotti: ma con altro fiato. e subito la sua preferenza al grande Breu-
204 591 956 643 ghel. Copi Brueghel, a penna, introducendo
855 563 1065 597 introducendo
970 589 1624 645 nelle rigide forme di lui, ferme come il
209 670 1625 718 , il primo tratto della sua impazienza, arricciando appena i contorni,          e mac-
197 746 1637 795 chiando di inchiostri, di bistro, i buchi delle ombre. E' un piacere fisico. Si direbbe che avesse
212 816 1670 877 già colto la profondità patetica delle macchie dilatate nelle carte di Tiziano. Di certo, le conob-
208 885 1026 939 be poi. Le anatomie dei corpi lo attraggono: corpi ignudi
1016 868 1129 903 ignudi
1041 885 1657 944 nudi di uomini e di donne. Ma se an-
204 963 1501 1017 che si ispira ad un fregio classico, ad un bassorilievo antico, la corposità vitale dei
1513 971 1645 1025 corpi in-
201 1057 1643 1097 comincia a limitarsi, fino al punto che sembra di avvertire il sottile crepitio della forma.
213 1124 1569 1178 Corpi di baccanti, di bagnanti in pose arcaiche, fremono, e giocano come la carne dei
1501 1095 1577 1127 nudi
1578 1121 1650 1174 corpi
201 1175 351 1209 femminili
202 1198 910 1249 di Renoir. Altri corpi: anatomie eroiche
817 1171 1061 1205 e drammatiche
916 1198 1652 1249 , sembrano richiamare il modellato ondulante
209 1280 1389 1329 di Tintoretto, ma in una chiusura del ritmo, più serrata, più magica.
209 1361 1647 1399 Passano, dentro i fogli disegnati da Rubens, i ricordi ordinati, gli echi nostalgici d'Ita-
208 1424 1113 1476 lia, come in un corteo, in una processione, in una festa
1041 1396 1203 1427 curatrice,
1127 1423 1626 1473 dove il sentimento e i sensi sono
207 1501 554 1553 tenuti in sordina da
515 1468 573 1511 un
564 1501 1630 1553 intelletto lucidissimo. Tiziano è il nome cercato più di frequente: è
205 1580 1643 1635 come la voce di un coro che si perde verso la Schelda, verso l'Oceano mai fermo. Anche Raf-
209 1654 1599 1711 faello, Giulio Romano. e i bolognesi, cioè i Carracci. Annibale, naturalmente: di cui
211 1734 1629 1783 sembra cogliere la vitalità, la felicità dell'invenzione plastica , per          , maliziosa -
207 1817 1651 1853 mente, studia la suggestione della forma impalpabile, indefinibile del più grande dei vene
210 1885 265 1937 ti.
219 1851 701 1889 simile ad una polvere d'oro.
279 1878 1208 1935 La sua opera, a sua volta: così nei dipinti, come in
1155 1859 1245 1891 taluni
1217 1878 1657 1930 di questi disegni, quando
206 1956 398 2009 è più lieve
213 1927 451 1963 di ispirazione
409 1953 543 2007 : e quasi
538 1914 576 1966 è
566 1947 1656 2010 sbollito il colore della realtà, evoca un altro tra i grandi: Wattean,
204 2031 539 2083 che,
325 2003 717 2038 avendo guardato a fondo
561 2029 707 2084 l'animo,
655 2130 891 2181 del fiammingo
709 2033 1655 2086 , ne sortì una nuova bellezza, più arcana ancora, più triste.
