1798 2523
144 374 184 424 2
129 522 1375 580 umano, foreste            dal verde intenso, fiumi di fango, non ghiacciate.
147 597 1571 649 La Grand' Place era, quel mattino di settembre, spoglia di uccelli, vuota di canti. La piazza
143 673 1557 731 è silenziosa. Le automobili la traversano, con il passo felpato dei cortei funebri. La luna
133 748 1592 805 bianchiccia, dal cielo, piove sui palazzi, sulle case,            le architetture, il ricamo pazien-
137 828 1594 880 te del gotico fiammingo. Sulla Marison du Roi, pinnacoli, guglie, punte, tremano nell'aria, come
149 900 1587 961 se intorno ad essi si agitassero diavoletti      , grossi insetti. Forse, un miraggio, in questa luce intrisa
145 977 1545 1032 di pioggia. Sopraggiunge un carretto, carico di tubi di zinco, per le donne. Scorgo, nel fianco, la
139 1052 1573 1107 scritta in grossi caratteri rossi: Delcomer-plomberie. Sparisce, in un pacato rumore di letto
139 1130 263 1183 urtato.
159 1202 1537 1260 Cammino, rasente le case. All'angolo d'una strada leggo, in alto, il nome Rude de la
151 1280 1557 1335 Montagne. Ecco venirmi addosso il ricordo di Baudelaire. Mi fermo, e fantastico un
159 1354 1575 1415 poco. Guardo i fianchi della strada: le case, i negozi, le vetrine, le insenge. Tutto luci-
157 1431 1535 1487 do, specchiante, come ogni strada nel Belgio. Chissà: venendo dalla stazione ferroviaria,
140 1504 185 1555 in
170 1469 225 1520 una
201 1505 1563 1563 carrozza saltellante sui ciottoli quadrati, anche Baudelaire avrà imboccato la via da
155 1582 1563 1645 questa parte. Quanto diversa da oggi! Le case erano più vecchie, più basse. L'avrà colpito
141 1657 1587 1715 un odore stagnante in aria: di cucina, di osteria; e la fila delle insegne appese ai muri: bot-
143 1732 1537 1793 ticelle, scarpe di legno, le tazze di stagno del barbiere, un boccale di birra. Come faccio io,
145 1810 1563 1867 proseguendo al centro della via, avrà curato quella del suo albergo. Eccola: in grosse lettere
149 1891 1554 1940 di legno dorato: Hotel du Grand Miroir. Avrà guardato, dopo aver pagato il vetturino,
148 1961 655 2011 ancora la scritta, e il
523 1943 661 1978 numero
664 1956 1590 2011 civico alla porta dell'albergo: n° 28. Un balcone di ferro
155 2036 1583 2095 lavorato come all'altezza del primo piano. Quasi tutte le finestre, hanno le imposte chiuse.
