1798 2523
237 509 1631 570 D'estate, la città è occupata dagli odori. Si spargono, misteriosi, nella notte. sono i muri
217 585 1655 640 delle case, le strade, le piazze che rifiatano, quando la gente dorme, smaltiscono un poco del
211 659 1605 715 caldo della giornata. Chi si alza presto la mattina, è colpito, accompagnato a lungo dall'odore
215 737 1633 796 della cipolla cotta al forno, rimasta come un fumo dentro ai cortili, e da quello acuto dei
219 812 1621 869 meloni. La gente        un sugo straordinario di cipolle: uscivamo dai forni, cioè dalle botteghe
219 886 1663 939 profonde e ombrose di fornai, disposte con bell'ordine su di una tavola di legno, il garzone del
225 961 1649 1019 fornaio, o il fornaio stesso, in abito succinto, le recava nella bottega del fruttaiolo. Là, poco prima
225 1037 1667 1100 dell'ora di cena, incominciava la vendita. Costavano: due cipolle, un ventino, con l'aggiunta di una
221 1113 1655 1176 carotina rossa. Mia madre mi mandava; ritornavo di corsa, le cipolle avvolte in foglie fredde di
225 1195 291 1246 vite.
225 1267 1665 1330 Ma l'odore di meloni, è ancora più tenace. Lo trovavo, la mattina, scendendo le scale di casa,
229 1346 1456 1399 passando nel cortile, uscendo nella strada. Melloni e coriomasi giungevano, dalla
1429 1310 1489 1346 bassa
1468 1344 1636 1399 Romagna,
227 1420 1641 1475 dai paesi presso il Reno, su grandi carri tinti di rosso, dalle alte sponde. Carri tirati, spesso, da
221 1495 1667 1556 una coppia di buoi. Li scaricavano in magazzini sfitti, perfino presso gli stallatici: dove si vendeva-
219 1571 1643 1629 no. Oppure venivano venduti alle porte della città, lungo le mura, in capanne improvvisate, fatte
213 1645 1635 1704 di poche assi e di canne. di là, fino a notte, usciva il richiamo: "Rossi al tai", che si riferiva ai
217 1723 1647 1781 coriomasi. I melloni, invece, passavano anche negli spacci dei fruttaioli, dentro città. Con un mellone,
217 1798 1625 1863 mangiava una famiglia. Mia madre li comprava al mercato di piazza. E sceglieva, in genere,
221 1875 1647 1932 i melloni dalla rete. Più dolci, profumati. Ed era questo profumo, passato in fermentazione, che
225 1949 673 2004 ritrova la mattina seguente.
233 2029 520 2080 Uomini giravano,
510 1996 541 2047 in
528 2025 1663 2080 specie nella strada dei quartieri popolari, a raccogliere le bucce, verdi e gialle,
