1798 2523
811 350 1205 411 Gente a Bruxelles
1573 372 1649 429 1
262 349 525 502 [Bruxelles]
253 515 1624 577 Solo affacciandomi alla piazza, che sta davanti al palazzo di città, mi accorsi che
225 595 1687 653 incominciava a piovere. Erano delle piccolo goccie, di un'acqua tiepida; cadevano tutte
233 671 1665 729 uguali, ad una misurata distanza fra di loro. Bastava osservarle, e quasi numerarle,
233 747 1681 805 sul selciato pulito della Grand' Place, dove subito dopo si asciugavano. Il Belgio è un pae-
231 824 1659 878 se di affabili incanti, di miraggi. Pensai, per assurda immaginazione, che un im-<
243 896 1657 954 menso colabrodo, collocato in cielo, lasciasse cadere quella minuta pioggerella, che dise-
255 974 1671 1041 gnava per terra un preciso disegno fatto di un'infinità di puntolini d'acqua... Sia-
253 1042 1670 1108 mo nella terra di Brenghel, mi dicevo. Alzai gli occhi in aria: non c'era che il cielo
238 1123 1661 1181 distesamente grigio e lucente; un morbido cielo di velluto. Era giunto fin qui, per varie
233 1202 1667 1259 strade, l'ultima delle quali si chiamava: rue de l'Etuve. Via della stufa. Speravo di ricordare,
237 1276 1671 1345 perfettamente ordinata come in una fiera, le gioie meravigliose che è il        degli uccelli.
241 1355 1641 1413 Credo non si incontro un simile spettacolo in nessun'altro              angolo del
243 1443 1665 1487 mondo. La Grand' Place, in tale occasione, si ricopre di centinaia e centinaia di gabbie,
242 1515 583 1565 di legno, di vimini,
581 1491 687 1523 filo di
598 1505 1690 1560 di ferro, entro cui migliaia e migliaia di uccelli sono chiusi, in at-
242 1582 1680 1632 tesa di passare nella casa del nuovo padrone. Piccolissimi uccelli: dai colori di smalto verde, az-
242 1663 449 1716 zurro, grigio;
269 1637 903 1677 come nei gioielli, sulle miniature dell'Asia;
460 1656 1654 1714 uccelli massicci, colore di roccia e di pietra, venuti dalle montagne inaccessibili
237 1732 1652 1790 del Nord; o quelli, portati fin qui dal vento tempestoso dell'oceano: bravi, essi stessi, di una
256 1805 1631 1868 tempesta. La loro voce: il canto, lo strido, lo squittio, il fischio, l'armonioso,
246 1885 1686 1943 generale mormorio riempiva la piazza. Migliaia di uccelli, di animali, che
1589 1846 1696 1919 hanno
245 1959 1676 2021 in comune solo l'abito di piume e di penne, e il capo che finisce in becco. Per il resto,
239 2037 1338 2097 è dalla loro voce l'eco, la nostalgia della patria d'origine: campagne
1351 2005 1517 2041 ronzanti
1355 2031 1657 2087 tiepide dal lavoro
