1798 2523
221 533 1643 571 barba bionda. L'ingegnere. Seguito da assisenti, da muratori. Svolgeva un rotolo ampio
206 593 530 644 di carte". "I disegni,
515 569 767 605 "si mormorava.
550 592 1647 646 Tutti allungavano gli occhi. Guardavano con rispetto. Uno, tra i curiosi,
201 680 1641 723 avvertiva: "Fanno il cemento armato" - "Cos'è, il cemento armato?" - "Non si sa"-
219 757 1633 797 "Lo fanno anche i tedeschi". Con deferente timore, si stava a sentire. Finchè, dal fondo
206 817 1329 873 degli scavi, fra le rovine di muri e di mattoni, una voce proclamava
1135 793 1347 837 allegramente : -
1342 821 1628 878 "L'è      ed
207 896 455 951 .. "
205 984 1627 1031 Il gergo dei muratori bolognesi ci estasiava. Era passato, del resto, nell'uso del popolo
203 1061 1651 1101 intero; intendo, fra la gente di lavoro. Si coglieva      nelle botteghe, nelle osterie, al mer-
200 1129 679 1181 cato, e perfino in famiglia,
565 1101 733 1137 che fosse di
707 1119 1645 1175 condizione operaia, o artigiana. Sono termini che si ritengono,
193 1214 1643 1255 per la loro violenza, espressa, per il colore e suono. Ora, io credo, caduti in disuso, dalla classe stessa
202 1278 681 1328 che l'aveva creati, in un
581 1263 689 1299 eccesso
688 1274 1640 1326 di fantasia. E' come un istinto plastico della rappresentazione
200 1351 1391 1403 verbale in esseri toccati         dalla realtà materiale delle cose, dei sensi.
1121 1326 1547 1361 I muratori sono al lavoro
1402 1355 1651 1405 Passa una ragaz-
185 1427 239 1483 za
193 1397 439 1433 ballando i tacchi
240 1426 687 1483 : "Oh bela cafiela", dicono
577 1390 713 1445 dice uno
694 1423 866 1479 ed emettono
759 1389 871 1449 emette
874 1426 1652 1481 un fischio. "Slonna che ingambadonna..."
201 1509 737 1563 Le gambe delle ragazze bolognesi,
611 1473 739 1511 si sa,
745 1501 1652 1553 sono foggiate in un modellato armonioso e scattante: il resto
201 1577 470 1633 del corpo, sembra
341 1557 487 1591 si mostra
478 1575 1573 1627 felice d'essere così portato. Un altro, nell'atto che stava per caricarsi
1449 1555 1617 1593 il cumulo
1578 1575 1626 1627 di
198 1657 828 1711 mattoni sulla spalla, lancia un sibilo,
714 1606 831 1669 lungo,
840 1652 1656 1715 da serpente. Brontola: "-- che don beli biganzi,
201 1742 1645 1783 Dio at bacudessa.." Infila il capo sotto i mattoni. Tutto è finito. E' stato un atti-
205 1822 1655 1859 mo: un momento di sfogo, di colorita rappresentazione popolare, nell'ora prima di
207 1898 1649 1937 sera. Gli operai sono al loro lavoro, lenti, pazienti. I passanti si volgono, guardano,
201 1972 1659 2013 ridono. Nella strada acciottolata, giunge una carrozza, che infila la piazza, e sparisce. Noi
207 2048 1607 2091 ragazzi, il pacco dei libri sotto il braccio, ci incamminiamo verso casa. Altri tempi.
