<?xml version="1.0" encoding="UTF-8" standalone="yes"?>
<PcGts xmlns="http://schema.primaresearch.org/PAGE/gts/pagecontent/2013-07-15" xmlns:xsi="http://www.w3.org/2001/XMLSchema-instance" xsi:schemaLocation="http://schema.primaresearch.org/PAGE/gts/pagecontent/2013-07-15 http://schema.primaresearch.org/PAGE/gts/pagecontent/2013-07-15/pagecontent.xsd">
    <Metadata>
        <Creator>Transkribus</Creator>
        <Created>2024-04-09T18:37:29.944+02:00</Created>
        <LastChange>2024-06-21T10:23:58.166+02:00</LastChange>
        <TranskribusMetadata docId="3071423" pageId="74326060" pageNr="119" tsid="175603587" status="GT" userId="222264" imgUrl="https://files.transkribus.eu/Get?id=LNUKYKGGZTWZDZXWNMHATWJT&amp;fileType=view" xmlUrl="https://files.transkribus.eu/Get?id=KYHCYQQSSEBJYVRPCQGDPGQJ" imageId="54316477"/>
    </Metadata>
    <Page imageFilename="Q_12_1957_0014_c6v.jpg" imageWidth="1798" imageHeight="2523" type="content">
        <ReadingOrder>
            <OrderedGroup id="ro_1719746080963" caption="Regions reading order">
                <RegionRefIndexed index="0" regionRef="region_1716119489005_1125"/>
                <RegionRefIndexed index="1" regionRef="region_1716119492327_1133"/>
                <RegionRefIndexed index="2" regionRef="tr_1"/>
            </OrderedGroup>
        </ReadingOrder>
        <TextRegion id="region_1716119489005_1125" custom="readingOrder {index:0;}">
            <Coords points="1444,284 1444,336 1510,336 1510,284"/>
            <TextLine id="line_1716119489130_1128" custom="readingOrder {index:0;} structure {type:page-number;}">
                <Coords points="1445,284 1510,286 1509,336 1444,334"/>
                <Baseline points="1444,329 1509,331"/>
                <TextEquiv>
                    <Unicode>3</Unicode>
                </TextEquiv>
            </TextLine>
            <TextEquiv>
                <Unicode>3</Unicode>
            </TextEquiv>
        </TextRegion>
        <TextRegion id="region_1716119492327_1133" custom="readingOrder {index:1;}">
            <Coords points="1561,308 1561,368 1618,368 1618,308"/>
            <TextLine id="line_1716119492452_1136" custom="readingOrder {index:0;}">
                <Coords points="1573,308 1618,319 1606,368 1561,357"/>
                <Baseline points="1562,352 1607,363"/>
                <TextEquiv>
                    <Unicode>3.</Unicode>
                </TextEquiv>
            </TextLine>
            <TextEquiv>
                <Unicode>3.</Unicode>
            </TextEquiv>
        </TextRegion>
        <TextRegion orientation="0.0" id="tr_1" custom="readingOrder {index:2;}">
            <Coords points="237,462 237,1977 1685,1977 1685,462"/>
            <TextLine id="line_1716119507268_1144" custom="readingOrder {index:0;}">
                <Coords points="252,523 1530,520 1530,570 252,573"/>
                <Baseline points="252,568 1530,565"/>
                <TextEquiv>
                    <Unicode>sfera, un globo colorato, che è anche uno specchio sferico; e si riflette gli oggetti inerti:</Unicode>
                </TextEquiv>
            </TextLine>
            <TextLine id="tr_1_tl_1" custom="readingOrder {index:1;} add {offset:0; length:6;place:above;} hi {offset:0; length:6;rend:underline;}">
                <Coords points="1373,507 1399,505 1425,505 1452,505 1478,506 1504,507 1531,507 1531,464 1504,464 1478,463 1452,462 1425,462 1399,462 1373,464"/>
                <Baseline points="1373,493 1399,491 1425,491 1452,491 1478,492 1504,493 1531,493"/>
                <TextEquiv>
                    <Unicode>inerti</Unicode>
                </TextEquiv>
            </TextLine>
            <TextLine id="line_1716119510015_1149" custom="readingOrder {index:2;}">
                <Coords points="1542,516 1667,520 1666,570 1541,566"/>
                <Baseline points="1541,561 1666,565"/>
                <TextEquiv>
                    <Unicode>i modelli</Unicode>
                </TextEquiv>
            </TextLine>
            <TextLine id="tr_1_tl_3" custom="readingOrder {index:3;}">
                <Coords points="261,651 330,651 400,647 470,644 540,645 610,643 679,642 749,643 819,643 889,642 959,643 1028,641 1098,640 1168,642 1238,643 1308,642 1377,642 1447,643 1517,643 1587,643 1657,647 1657,604 1587,600 1517,600 1447,600 1377,599 1308,599 1238,600 1168,599 1098,597 1028,598 959,600 889,599 819,600 749,600 679,599 610,600 540,602 470,601 400,604 330,608 261,608"/>
                <Baseline points="261,637 330,637 400,633 470,630 540,631 610,629 679,628 749,629 819,629 889,628 959,629 1028,627 1098,626 1168,628 1238,629 1308,628 1377,628 1447,629 1517,629 1587,629 1657,633"/>
                <TextEquiv>
                    <Unicode>famosi del pittore, che sono gli stessi visti giù in bottega, e le sue opere dipinte. I suoi quadri,</Unicode>
                </TextEquiv>
            </TextLine>
            <TextLine id="line_1716119519575_1160" custom="readingOrder {index:4;}">
                <Coords points="266,672 1668,676 1668,726 266,722"/>
                <Baseline points="266,717 1668,721"/>
                <TextEquiv>
                    <Unicode>piccoli, grandi, i disegni, le incisioni, appesi ai muri, dovunque, in alto e in basso. Il vec-</Unicode>
                </TextEquiv>
            </TextLine>
            <TextLine id="line_1716119528139_1168" custom="readingOrder {index:5;} hi {offset:62; length:7;rend:underline;}">
                <Coords points="257,750 1314,748 1314,798 257,800"/>
                <Baseline points="257,795 1314,793"/>
                <TextEquiv>
                    <Unicode>chio maestro, voltandosi dalla poltrona, dove lavora o sogna, ricerca</Unicode>
                </TextEquiv>
            </TextLine>
            <TextLine id="tr_1_tl_6" custom="readingOrder {index:6;} add {offset:0; length:7;place:above;}">
                <Coords points="1201,755 1227,755 1253,755 1280,756 1306,757 1332,756 1359,757 1359,727 1332,726 1306,727 1280,726 1253,725 1227,725 1201,725"/>
                <Baseline points="1201,745 1227,745 1253,745 1280,746 1306,747 1332,746 1359,747"/>
                <TextEquiv>
                    <Unicode>ricerca</Unicode>
                </TextEquiv>
            </TextLine>
            <TextLine id="line_1716119530305_1173" custom="readingOrder {index:7;}">
                <Coords points="1322,748 1650,750 1650,800 1322,798"/>
                <Baseline points="1322,793 1650,795"/>
                <TextEquiv>
                    <Unicode>con malincinica sere-&lt;lb/&gt;</Unicode>
                </TextEquiv>
            </TextLine>
            <TextLine id="line_1716119544826_1181" custom="readingOrder {index:8;} hi {offset:64; length:2;rend:overtyped;}">
                <Coords points="251,829 1224,822 1224,872 251,879"/>
                <Baseline points="251,874 1224,867"/>
                <TextEquiv>
                    <Unicode>nità, la sua vita, il suo lavoro: sentimenti, ricordi, riflessi   </Unicode>
                </TextEquiv>
            </TextLine>
            <TextLine id="line_1716119546900_1186" custom="readingOrder {index:9;} hi {offset:0; length:2;rend:above;}">
                <Coords points="1191,786 1236,786 1236,836 1191,836"/>
                <Baseline points="1191,831 1236,831"/>
                <TextEquiv>
                    <Unicode>in</Unicode>
                </TextEquiv>
            </TextLine>
            <TextLine id="line_1716119549597_1191" custom="readingOrder {index:10;}">
                <Coords points="1239,827 1626,824 1626,874 1239,877"/>
                <Baseline points="1239,872 1626,869"/>
                <TextEquiv>
                    <Unicode> quel globo di vetro. In quel</Unicode>
                </TextEquiv>
            </TextLine>
            <TextLine id="tr_1_tl_9" custom="readingOrder {index:11;}">
                <Coords points="263,955 332,953 401,951 470,949 539,947 609,947 678,945 747,945 816,946 885,945 955,947 1024,947 1093,945 1162,945 1231,943 1301,945 1370,945 1439,943 1508,944 1577,943 1647,943 1647,900 1577,900 1508,901 1439,900 1370,902 1301,902 1231,900 1162,902 1093,902 1024,904 955,904 885,902 816,903 747,902 678,902 609,904 539,904 470,906 401,908 332,910 263,912"/>
                <Baseline points="263,941 332,939 401,937 470,935 539,933 609,933 678,931 747,931 816,932 885,931 955,933 1024,933 1093,931 1162,931 1231,929 1301,931 1370,931 1439,929 1508,930 1577,929 1647,929"/>
                <TextEquiv>
                    <Unicode>globo di vetro è passato qualcosa di vero, di tiepido dalla pittura moderna: specchio buffo di</Unicode>
                </TextEquiv>
            </TextLine>
            <TextLine id="tr_1_tl_10" custom="readingOrder {index:12;}">
                <Coords points="259,1029 285,1029 311,1029 337,1029 363,1029 389,1028 415,1027 441,1027 467,1025 493,1025 519,1025 545,1025 571,1024 597,1023 623,1022 649,1021 675,1023 675,980 649,978 623,979 597,980 571,981 545,982 519,982 493,982 467,982 441,984 415,984 389,985 363,986 337,986 311,986 285,986 259,986"/>
                <Baseline points="259,1015 285,1015 311,1015 337,1015 363,1015 389,1014 415,1013 441,1013 467,1011 493,1011 519,1011 545,1011 571,1010 597,1009 623,1008 649,1007 675,1009"/>
                <TextEquiv>
                    <Unicode>un cuore, di una mente forte.</Unicode>
                </TextEquiv>
            </TextLine>
            <TextLine id="tr_1_tl_11" custom="readingOrder {index:13;}">
                <Coords points="269,1107 338,1101 407,1099 477,1099 546,1095 616,1095 685,1095 754,1093 824,1095 893,1095 963,1095 1032,1093 1101,1093 1171,1093 1240,1093 1310,1094 1379,1093 1448,1097 1518,1098 1587,1097 1657,1093 1657,1063 1587,1067 1518,1068 1448,1067 1379,1063 1310,1064 1240,1063 1171,1063 1101,1063 1032,1063 963,1065 893,1065 824,1065 754,1063 685,1065 616,1065 546,1065 477,1069 407,1069 338,1071 269,1077"/>
                <Baseline points="269,1097 338,1091 407,1089 477,1089 546,1085 616,1085 685,1085 754,1083 824,1085 893,1085 963,1085 1032,1083 1101,1083 1171,1083 1240,1083 1310,1084 1379,1083 1448,1087 1518,1088 1587,1087 1657,1083"/>
                <TextEquiv>
                    <Unicode>"Bon bieuse malin..." Ma artista, pittore: tra i maggiori del suo tempo: compresi quelli di</Unicode>
                </TextEquiv>
            </TextLine>
            <TextLine id="line_1716119559298_1199" custom="readingOrder {index:14;}">
                <Coords points="264,1131 635,1132 635,1182 264,1181"/>
                <Baseline points="264,1176 635,1177"/>
                <TextEquiv>
                    <Unicode>Francia, che Jean Casson,</Unicode>
                </TextEquiv>
            </TextLine>
            <TextLine id="tr_1_tl_12" custom="readingOrder {index:15;} add {offset:1; length:8;place:above;}">
                <Coords points="625,1132 676,1131 701,1131 727,1131 752,1131 777,1131 858,1138 858,1108 777,1101 752,1101 727,1101 701,1101 676,1101 625,1102"/>
                <Baseline points="632,1123 676,1121 701,1121 727,1121 752,1121 777,1121 833,1128"/>
                <TextEquiv>
                    <Unicode> pungendo</Unicode>
                </TextEquiv>
            </TextLine>
            <TextLine id="line_1716119561733_1204" custom="readingOrder {index:16;}">
                <Coords points="649,1127 1678,1124 1678,1174 649,1177"/>
                <Baseline points="649,1172 1678,1169"/>
                <TextEquiv>
                    <Unicode>pungendo discretamente, non volle nominare; e gli stanno sulla punta del-</Unicode>
                </TextEquiv>
            </TextLine>
            <TextLine id="tr_1_tl_14" custom="readingOrder {index:17;}">
                <Coords points="245,1259 315,1257 385,1255 455,1253 525,1252 595,1251 665,1249 735,1249 805,1249 875,1249 946,1250 1016,1249 1086,1249 1156,1249 1226,1249 1296,1251 1366,1251 1436,1251 1506,1252 1576,1253 1647,1255 1647,1212 1576,1210 1506,1209 1436,1208 1366,1208 1296,1208 1226,1206 1156,1206 1086,1206 1016,1206 946,1207 875,1206 805,1206 735,1206 665,1206 595,1208 525,1209 455,1210 385,1212 315,1214 245,1216"/>
                <Baseline points="245,1245 315,1243 385,1241 455,1239 525,1238 595,1237 665,1235 735,1235 805,1235 875,1235 946,1236 1016,1235 1086,1235 1156,1235 1226,1235 1296,1237 1366,1237 1436,1237 1506,1238 1576,1239 1647,1241"/>
                <TextEquiv>
                    <Unicode>la lingua. Senza stabilire misura: Matine, Bonnard, Vuillard. Forse, in modo diverso dai</Unicode>
                </TextEquiv>
            </TextLine>
            <TextLine id="tr_1_tl_15" custom="readingOrder {index:18;}">
                <Coords points="247,1337 316,1335 385,1334 454,1333 523,1331 592,1329 661,1329 730,1329 799,1329 868,1327 937,1327 1006,1327 1075,1328 1144,1327 1213,1327 1282,1327 1351,1325 1420,1325 1489,1325 1558,1324 1627,1325 1627,1282 1558,1281 1489,1282 1420,1282 1351,1282 1282,1284 1213,1284 1144,1284 1075,1285 1006,1284 937,1284 868,1284 799,1286 730,1286 661,1286 592,1286 523,1288 454,1290 385,1291 316,1292 247,1294"/>
                <Baseline points="247,1323 316,1321 385,1320 454,1319 523,1317 592,1315 661,1315 730,1315 799,1315 868,1313 937,1313 1006,1313 1075,1314 1144,1313 1213,1313 1282,1313 1351,1311 1420,1311 1489,1311 1558,1310 1627,1311"/>
                <TextEquiv>
                    <Unicode>critici, cui ne apprese erano il valore, ne sentirono la presenza. E, chissà, l'altro "bon vieuse</Unicode>
                </TextEquiv>
            </TextLine>
            <TextLine id="tr_1_tl_16" custom="readingOrder {index:19;}">
                <Coords points="237,1405 308,1407 380,1409 452,1409 524,1410 596,1407 668,1407 740,1407 812,1405 884,1405 956,1401 1027,1401 1099,1403 1171,1401 1243,1402 1315,1401 1387,1401 1459,1401 1531,1401 1603,1403 1675,1403 1675,1360 1603,1360 1531,1358 1459,1358 1387,1358 1315,1358 1243,1359 1171,1358 1099,1360 1027,1358 956,1358 884,1362 812,1362 740,1364 668,1364 596,1364 524,1367 452,1366 380,1366 308,1364 237,1362"/>
                <Baseline points="237,1391 308,1393 380,1395 452,1395 524,1396 596,1393 668,1393 740,1393 812,1391 884,1391 956,1387 1027,1387 1099,1389 1171,1387 1243,1388 1315,1387 1387,1387 1459,1387 1531,1387 1603,1389 1675,1389"/>
                <TextEquiv>
                    <Unicode>malin", parigino questo: Henri Roman. Non so neppure, se si conobbero. Ma supponendo-</Unicode>
                </TextEquiv>
            </TextLine>
            <TextLine id="tr_1_tl_17" custom="readingOrder {index:20;}">
                <Coords points="251,1487 322,1488 394,1487 465,1484 537,1483 608,1481 680,1482 751,1481 823,1482 894,1479 966,1481 1037,1479 1109,1479 1180,1480 1252,1480 1323,1477 1395,1479 1466,1477 1538,1481 1609,1482 1681,1485 1681,1442 1609,1439 1538,1438 1466,1434 1395,1436 1323,1434 1252,1437 1180,1437 1109,1436 1037,1436 966,1438 894,1436 823,1439 751,1438 680,1439 608,1438 537,1440 465,1441 394,1444 322,1445 251,1444"/>
                <Baseline points="251,1473 322,1474 394,1473 465,1470 537,1469 608,1467 680,1468 751,1467 823,1468 894,1465 966,1467 1037,1465 1109,1465 1180,1466 1252,1466 1323,1463 1395,1465 1466,1463 1538,1467 1609,1468 1681,1471"/>
                <TextEquiv>
                    <Unicode>lo, si può immaginare, compare una piccola fantasia. Mettiamo che fossero amici. Ensor</Unicode>
                </TextEquiv>
            </TextLine>
            <TextLine id="tr_1_tl_18" custom="readingOrder {index:21;}">
                <Coords points="251,1563 322,1560 394,1561 465,1558 537,1557 609,1557 680,1557 752,1557 823,1555 895,1555 967,1557 1038,1554 1110,1555 1181,1553 1253,1554 1325,1555 1396,1556 1468,1557 1539,1557 1611,1559 1683,1561 1683,1518 1611,1516 1539,1514 1468,1514 1396,1513 1325,1512 1253,1511 1181,1510 1110,1512 1038,1511 967,1514 895,1512 823,1512 752,1514 680,1514 609,1514 537,1514 465,1515 394,1518 322,1517 251,1520"/>
                <Baseline points="251,1549 322,1546 394,1547 465,1544 537,1543 609,1543 680,1543 752,1543 823,1541 895,1541 967,1543 1038,1540 1110,1541 1181,1539 1253,1540 1325,1541 1396,1542 1468,1543 1539,1543 1611,1545 1683,1547"/>
                <TextEquiv>
                    <Unicode>sceglie, nel repertorio eccitante, sulla galleria inesauribile due maschere: una per sè, l'al-</Unicode>
                </TextEquiv>
            </TextLine>
            <TextLine id="tr_1_tl_19" custom="readingOrder {index:22;}">
                <Coords points="241,1633 313,1630 385,1629 457,1627 529,1628 602,1627 674,1627 746,1625 818,1625 890,1624 963,1623 1035,1623 1107,1623 1179,1623 1251,1624 1324,1623 1396,1626 1468,1627 1540,1627 1612,1628 1685,1627 1685,1597 1612,1598 1540,1597 1468,1597 1396,1596 1324,1593 1251,1594 1179,1593 1107,1593 1035,1593 963,1593 890,1594 818,1595 746,1595 674,1597 602,1597 529,1598 457,1597 385,1599 313,1600 241,1603"/>
                <Baseline points="241,1623 313,1620 385,1619 457,1617 529,1618 602,1617 674,1617 746,1615 818,1615 890,1614 963,1613 1035,1613 1107,1613 1179,1613 1251,1614 1324,1613 1396,1616 1468,1617 1540,1617 1612,1618 1685,1617"/>
                <TextEquiv>
                    <Unicode>tra per il Doganiere. Le maschere raffigurano: due "pittori della domenica". Manda la sua, al Do-</Unicode>
                </TextEquiv>
            </TextLine>
            <TextLine id="line_1716119571933_1212" custom="readingOrder {index:23;}">
                <Coords points="242,1662 1037,1654 1037,1704 242,1712"/>
                <Baseline points="242,1707 1037,1699"/>
                <TextEquiv>
                    <Unicode>ganiere, a Parigi. E si scrivono, scambiano lettere,</Unicode>
                </TextEquiv>
            </TextLine>
            <TextLine id="tr_1_tl_20" custom="readingOrder {index:24;} add {offset:0; length:9;place:above;}">
                <Coords points="963,1653 991,1655 1019,1657 1048,1657 1076,1655 1105,1653 1105,1623 1076,1625 1048,1627 1019,1627 991,1625 963,1623"/>
                <Baseline points="963,1643 991,1645 1019,1647 1048,1647 1076,1645 1105,1643"/>
                <TextEquiv>
                    <Unicode>di parole</Unicode>
                </TextEquiv>
            </TextLine>
            <TextLine id="line_1716119574233_1217" custom="readingOrder {index:25;}">
                <Coords points="1048,1654 1669,1661 1668,1711 1047,1704"/>
                <Baseline points="1047,1699 1668,1706"/>
                <TextEquiv>
                    <Unicode>allegre, maligne, malinconiche, con allu-</Unicode>
                </TextEquiv>
            </TextLine>
            <TextLine id="tr_1_tl_22" custom="readingOrder {index:26;}">
                <Coords points="255,1789 325,1787 395,1787 465,1787 535,1784 605,1785 675,1785 745,1783 815,1785 885,1786 955,1783 1025,1783 1095,1783 1165,1782 1235,1783 1305,1784 1375,1782 1445,1783 1515,1783 1585,1783 1655,1783 1655,1740 1585,1740 1515,1740 1445,1740 1375,1739 1305,1741 1235,1740 1165,1739 1095,1740 1025,1740 955,1740 885,1743 815,1742 745,1740 675,1742 605,1742 535,1741 465,1744 395,1744 325,1744 255,1746"/>
                <Baseline points="255,1775 325,1773 395,1773 465,1773 535,1770 605,1771 675,1771 745,1769 815,1771 885,1772 955,1769 1025,1769 1095,1769 1165,1768 1235,1769 1305,1770 1375,1768 1445,1769 1515,1769 1585,1769 1655,1769"/>
                <TextEquiv>
                    <Unicode>sioni alla critica: ai critici. Dicono, con un poco di amarezza, mista ad orgoglio, a cansonatu-</Unicode>
                </TextEquiv>
            </TextLine>
            <TextLine id="tr_1_tl_23" custom="readingOrder {index:27;}">
                <Coords points="253,1871 292,1869 331,1869 370,1867 409,1867 448,1864 487,1863 526,1861 565,1862 604,1860 643,1859 682,1857 721,1857 760,1857 799,1859 838,1860 877,1861 916,1861 955,1863 994,1864 1033,1863 1033,1820 994,1821 955,1820 916,1818 877,1818 838,1817 799,1816 760,1814 721,1814 682,1814 643,1816 604,1817 565,1819 526,1818 487,1820 448,1821 409,1824 370,1824 331,1826 292,1826 253,1828"/>
                <Baseline points="253,1857 292,1855 331,1855 370,1853 409,1853 448,1850 487,1849 526,1847 565,1848 604,1846 643,1845 682,1843 721,1843 760,1843 799,1845 838,1846 877,1847 916,1847 955,1849 994,1850 1033,1849"/>
                <TextEquiv>
                    <Unicode>ra: "Noi due, poveri pittori della domenica..."-</Unicode>
                </TextEquiv>
            </TextLine>
            <TextLine id="tr_1_tl_24" custom="readingOrder {index:28;} gap {offset:0; length:0;}">
                <Coords points="787,1977 814,1975 841,1973 869,1973 896,1973 924,1973 951,1973 978,1974 1006,1976 1033,1977 1061,1977 1061,1934 1033,1934 1006,1933 978,1931 951,1930 924,1930 896,1930 869,1930 841,1930 814,1932 787,1934"/>
                <Baseline points="787,1963 814,1961 841,1959 869,1959 896,1959 924,1959 951,1959 978,1960 1006,1962 1033,1963 1061,1963"/>
                <TextEquiv>
                    <Unicode>xoxoxox</Unicode>
                </TextEquiv>
            </TextLine>
            <TextEquiv>
                <Unicode>sfera, un globo colorato, che è anche uno specchio sferico; e si riflette gli oggetti inerti:&#13;
inerti&#13;
i modelli&#13;
famosi del pittore, che sono gli stessi visti giù in bottega, e le sue opere dipinte. I suoi quadri,&#13;
piccoli, grandi, i disegni, le incisioni, appesi ai muri, dovunque, in alto e in basso. Il vec-&#13;
chio maestro, voltandosi dalla poltrona, dove lavora o sogna, ricerca&#13;
ricerca&#13;
con malincinica sere-&lt;lb/&gt;&#13;
nità, la sua vita, il suo lavoro: sentimenti, ricordi, riflessi   &#13;
in&#13;
 quel globo di vetro. In quel&#13;
globo di vetro è passato qualcosa di vero, di tiepido dalla pittura moderna: specchio buffo di&#13;
un cuore, di una mente forte.&#13;
"Bon bieuse malin..." Ma artista, pittore: tra i maggiori del suo tempo: compresi quelli di&#13;
Francia, che Jean Casson,&#13;
 pungendo&#13;
pungendo discretamente, non volle nominare; e gli stanno sulla punta del-&#13;
la lingua. Senza stabilire misura: Matine, Bonnard, Vuillard. Forse, in modo diverso dai&#13;
critici, cui ne apprese erano il valore, ne sentirono la presenza. E, chissà, l'altro "bon vieuse&#13;
malin", parigino questo: Henri Roman. Non so neppure, se si conobbero. Ma supponendo-&#13;
lo, si può immaginare, compare una piccola fantasia. Mettiamo che fossero amici. Ensor&#13;
sceglie, nel repertorio eccitante, sulla galleria inesauribile due maschere: una per sè, l'al-&#13;
tra per il Doganiere. Le maschere raffigurano: due "pittori della domenica". Manda la sua, al Do-&#13;
ganiere, a Parigi. E si scrivono, scambiano lettere,&#13;
di parole&#13;
allegre, maligne, malinconiche, con allu-&#13;
sioni alla critica: ai critici. Dicono, con un poco di amarezza, mista ad orgoglio, a cansonatu-&#13;
ra: "Noi due, poveri pittori della domenica..."-&#13;
xoxoxox</Unicode>
            </TextEquiv>
        </TextRegion>
    </Page>
</PcGts>
