1798 2523
166 322 222 374 4.
169 529 1553 578 di uccelli ronzanti nel sonno, dentro le gabbie, la stia. Poi infilò la sua strada, e rincasò al-
159 609 329 652 l'albergo.<lb/>
175 683 1535 719 Queste furono le prime settimane del suo soggiorno a Bruxelles. Era venuto in Belgio<lb/>
171 719 983 755 Sanare in qualche modo l'oppressione dei suoi debiti.
159 761 1567 801 con due scopi: fare un poco di denaro con le conferenze: les lectures. Progettava di te-
155 832 1577 884 nerne una lunga serie, a Bruxelles, a Anversa, a Gand, a Liegi. Il progetto non pagò,
157 905 1579 954 dopo le prime. Ricavo in tutto: 100 franchi. Secondo scopo: lavorare. Intendeva mettere in-
157 981 1583 1034 sieme i suoi "petits poèmes en proses", che dovevano intitolarsi: Le Spleen de Paris. La mag-
159 1057 1557 1112 gior parte di essi, erano già scritti, o abbozzati. In Belgio, e proprio nei momenti tristi del
153 1139 1567 1181 suo esilio,       colse i motivi di alcuni altri: i più strazianti e melodiosi, forse. Quelli che
144 1203 949 1258 risuonano come la musica di un lieder di
789 1171 979 1217 Shumann
959 1202 1600 1253 o dove sembra aver trovato, camminando
145 1287 1571 1330 solitario per le vie della capitale belga, un filo di canto, un'immagine, rimasti sospesi in cielo
157 1362 1587 1408 degli anni, in cui Nerval venne ad esalarvi disperazione e fantasia poetica. Camminarono per le
153 1439 1577 1488 medesime strade, nella vasta piazza di notte, nei caffè, nella       malinconiche pasticcerie, dove
153 1519 1015 1553 sostano silenziosi gli amanti, o i vecchi in attesa di morire.
149 1543 1475 1587 La Sainte Guarde, che non si può nominare senza risvegliare i patetici echi nervaliani.
171 1593 1561 1632 Anche io ho percorso, fino in fondo, R Rude de la Montagne, dove sbocca in Rue Sainte-Guarde, e
157 1663 1545 1714 attraversata la piazzetta, ho salito a uno a uno i gradini della cattedrale.] Sul sagrato di fredde
155 1733 1112 1789 lastre di      , nelle notti di luna e di ghiaccio, fu qui Nerval,
1109 1692 1189 1744 poco
1117 1729 1556 1784 prima del Natale dell'anno
145 1808 1429 1863 1840. Ventiquattro anni prima di Baudelaire: inseguendo il fantasma di una donna.
363 1779 967 1817 la madre o una docle innamorata.
1437 1803 1590 1860 Baudelaire
157 1893 1551 1940 veniva nella chiesa, profonda come una foresta: seduto in una panca, al buio, volgeva gli
163 1967 1589 2012 occhi alle vetrate, dove la luce del giorno sprigionava, coi colori, miraggi di forme astratte: fiori me-
147 2043 1587 2088 ravigliosi, volti di donne dagli occhi simili a foglie, a piume. Qui seduto, meglio che nella tetra ca-
