1798 2523
207 277 274 327 2
171 345 263 411 2
401 335 613 393 Lodenikja
601 448 801 514 Longue
913 400 1161 489 Iseghem
163 539 1545 577 tose, stupide. Oggetti, materilizzazioni della fantasia fiamminga, dall'ansia stravolta
154 597 1254 657 ad esprimere le passioni carnali: il dispetto e la burla, sempre stagnanti
1241 575 1335 607 intorno
1260 599 1564 660 al cuore della razza
160 681 923 731 fiamminga. Joannes Ensor era nato, qui vicino in
899 653 945 703 un
941 673 1589 736 altra bottega, gestita dal padre James Fredric,
153 751 1567 811 d'origine britannica, in rue Longue. Era cresciuto in questa, all'angolo fra rue de Flandre e
163 827 1603 895 boulevard van         . qui, ha passato quasi tutta la vita. Morto il padre, e la madre, Maria
163 903 1571 963 Catharina Lodevijka Haegheman, ne divenne il titolare: quando già era il pittore Ensor.
151 984 1569 1043 La casa, al piano di sopra, si riempiva dalle tele dipinte.       , scendeva fin giù, in bottega.
145 1059 1565 1117 Il negozio era sempre assortito di quella ariosa mercanzia. Clienti, se venivano. Ufficiali di
143 1145 1583 1183 marina: inglesi, tedeschi. Compravano il regaluccio dopo aver guardato, contrattato. Fra gli altri ar-
147 1210 1407 1264 ticoli, le maschere erano le meno richieste. Restavano per il proprietario: se ne circondava
1263 1185 1459 1227 circondava
1412 1203 1581 1268 , su in casa,
145 1284 1594 1345 in ogni stanza, corridoio; e fino in granaio. Uscito il cliente, Ensor, paziente e quasi sempre di ottimo u-
145 1361 1569 1415 more, risaliva la scaletta Tintinniva ancora la campanetta della porta di bottega, dietro il
153 1433 1562 1492 cliente, che il pittore era di nuovo davanti al suo cavalletto. Riprendeva, quieto il suo lavoro.
145 1526 1545 1564 In negozio era rimasto, spolverando un poco, dormicchiando o curiosando dietro i vetri, il fido
155 1588 981 1639 Auguste. Auguste: spirito ironico dell'ambiente, siederà
844 1545 1018 1603 siederà
986 1588 1085 1639 ancora
1027 1543 1256 1599 (io mi auguro)
1082 1592 1583 1651 in mezzo alle scanxie dove sono
158 1661 1596 1727 allineate conchiglie, vasi,        , rami di corallo, maschere: tante maschere, un poco osses-
155 1741 1601 1791 sionanti, ma non per lui. Il vecchio gatto, fa i piedi, gli occhi perduti a chissà quale ricordo. E sor-
141 1815 351 1873 ride, sorride.
159 1889 1571 1950 La stanza da pranzo: il salon, era anche lo studio di Ensor. Vi dipingeva, ai bei tempi. Sedeva
149 1964 1591 2028 all'armonicum, e suonava le sue musiche, e quelle festose , malinconiche dell'antica Fiandre. So-
148 2040 1599 2099 pra il tavolo grande, al centro della camera, sotto il grande lampadario di vetro, è apparsa una
