1798 2523
173 524 615 580 Miscellanea [bolognese.]
149 675 1563 734 I recenti lavori di sterro, di scavo praticati al centro della città, m'han importato
133 751 1573 808 il ricordo di altri lavori del genere, in un luogo che fu    a pochi passi da quello di ora.
133 824 1581 888 Si erano abbattute le case, fra la via Orefici e il Mercato di Mezzo, e si sfondava la ter-
141 903 1575 960 ra, dopo le canine di quella, per gettare le fondazioni di un nuovo casamento: un palazzo,
133 979 1583 1044 di cui a Bologna si parlò a lungo. Il palazzo Ronzani, si chiamava. Li vicino, anzi,
133 1055 1573 1110 lì dentro c'era, dall'antico, una famosa birreria, appunto di quel uomo. Ed era in un cor-
137 1141 1563 1181 tile, se ricordo bene: dove, ai tavolini di marmo, i pacifici bolognesi passavano le serate
134 1207 1167 1259 d'estate, bevendo birra, e spaccando semi salati: i brustolini,
1073 1171 1311 1207 fatti dicevano
1171 1205 1580 1259 per invitare la sete.
129 1282 1537 1340 Dunque fu il periodo di quei lavori, ed era il tempo che incominciò poi la Grande
145 1357 1555 1416 Guerra. Con qualche compagno di scuola, all'ora prima di cena, si veniva a curiosare,
151 1433 1559 1490 con tutti, ad ammirare quell'impresa straordinaria. A Bologna, non s'eran mai vi-
143 1507 1307 1566 ste cose simili. Ci sedemmo sui mucchi di terra, sui lastroni di granito.
147 1583 1543 1642 Uomini corpulenti, robusti battevano, in tempo, con grandi mazze su scalpelli massicci.
135 1659 1561 1718 Sortivano scintille. Demolivano i volti del pianterreno. Venivano in luce gli interni di can-
143 1737 1557 1792 tine. La gente, attenta, commentava. "Mon, guarda; il signor Filippo teneva i polli in can-
139 1811 1547 1874 tina." Bianche, calcinose erano rimaste le treccie della digestione del pollame domestico. Ma un
142 1885 897 1941 altro, pronto, scopriva qualcosa nel sottoscala dei
769 1841 903 1897 signori
913 1883 1560 1937 Riguzzi: "Mon, guarda, guarda. Tene-
139 1965 1583 2024 vano il maiale! Te lo dico, quella puzza, a passare sotto il portico!" In un angolo, inchio-
137 2037 1571 2096 dato al muro, era ancora il legno del trogolo. Arrivava un signore, distinto, con la
