1798 2523
853 352 904 404 *
243 518 1637 569 Il principio dell'estate portava in città un'aria di pace, un senso di tranquilla
219 595 1659 645 felicità. Il commercio, i lavori riposavano un poco. Anche il bottegaio, la mattina presto,
225 670 1647 721 tirata fuori una panca, si sedeva a leggere il giornale, a fare due chiacchiere coi vicini. I ra-
225 742 1641 799 gazzi avevano finite scuole. La madre li lasciava andare a San Luca, a Monte Dorato, purche
225 822 1657 875 ritornassero per la colazione: a mezzogiorno. "Così, -diceva,- fanno un poco di campagna."-
229 898 1653 947 E alla sera, dopo cena, c'erano sempre i due giardinetti pubblici: quello di piazza Minghetti e
227 972 1621 1021 quello di Piazza Cavour, che offrivano un'ora di fresco, fra gli alberi coperti di verde. La gente
213 1048 1629 1095 diceva:-"Questa è una villegiatura da signori". Le donne si facevano vento, scambiandosi parole di
227 1124 1659 1179 panchina in panchina. Gli uomini, sbracciati, in maglia di lana, tirati i pantaloni fin quasi
227 1200 1621 1251 al ginocchio, vi si frescavano i polpacci delle gambe. C'erano perfino ottime gazzose, che si
217 1278 1313 1329 comperavano alla baracchina presso la Posta. Insomma, si viveva bene.
237 1361 1619 1399 Stanto al giardino Cavour, se tirava appena un poco di vento, giungeva un buon odore di
212 1425 353 1477 dolci, di
309 1395 445 1427 zucchero di
367 1421 1672 1473 vaniglia. Veniva da una stanza, poco lontana. I ragazzi conoscevano questo odore. e con
225 1513 1663 1551 la madre, o fra di loro, vi andavano incontro. Nella via del Cane era una fabbrica di dolci. Più
218 1577 1100 1627 che fabbrica, una modesta bottega. Nella strada si apriva un
1107 1557 1251 1591 portoncino
1138 1575 1659 1625 porta di casa: e sull'ingresso, tutto
214 1648 830 1700 invaso dal profumo di dolci, due o tre
813 1627 891 1659 sedie
841 1647 1668 1707 sedie di vimini, verniciate di verde, servivano per i clien-
215 1730 1663 1783 ti. Dall'ingresso, si centrava, diciamo, nel laboratorio, e nello spaccio. Un bancone di legno divi-
209 1806 1643 1855 deva per metà la camera, e nel bancone una grata di legno, pure verniciata di verde, lasciava
209 1881 1637 1935 intravvedere i dolci già pronti per la vendita: ciambelle, torte, e soprattutto la famosa bocca di
212 1946 580 2003 donna. Questa, esalava per
560 1919 601 1972 il
591 1951 1640 2008 meraviglioso odore di vaniglia, che giungeva, per le strade accaldate,
225 2038 711 2089 fino alle panche del giardinetto.
