1798 2523
269 253 313 304 4
152 276 201 326 1
223 351 357 390 Rubens
871 384 1553 430 Si pensa, chissà perchè, agli alberi delle
911 439 1581 475 navi, ai camini, al grovigli, delle scalette
921 481 1577 525 di ferro, nel porto, che è laggiù, a mezzo
933 519 1111 555 chilometro.
143 501 199 533 xx
133 539 567 573 Arrivammo ad Anversa
153 609 1569 655 La casa di Rubens, per noi, non può ricordare che qualcosa del barocco romano, una con
157 668 752 724 un gusto di rifacimento di pasticcio
667 649 873 681 archeologico
767 670 1305 727 di rinascenza italiana: le erme,
1219 647 1313 681 erme
1312 670 1579 724 le stele, i termici
155 731 249 763 infitti
159 743 526 798 seminati su una facciata
474 700 672 752 del palazzotto
533 751 869 802 , nella corte, e inelo
776 700 894 752 nello
877 746 1585 803 stupefacente fiardino. L'Olimpico di Vicen-
155 827 821 880 za, immaginato a due passi sall'oceano,
613 797 939 833 dal Mare del Nord.
825 823 1217 877 Comunque, al di fuori, e
1181 803 1251 835 dentro
1228 823 1567 879 in casa, un compiaci-
153 899 750 951 mento di scena, di quinta di teatro:
329 871 689 915 un "decoro" occasionale.
776 891 1554 951 E i disegni del maestro, per l'occasione della mo-
151 972 392 1026 stra, appiccicati
259 959 379 993 appesi,
393 972 996 1022 >, distruibuiti,         su di ogni parete
811 949 999 985 della casa
1002 972 1553 1026 . Rubens: ogniuna cosa: dipinti e
157 1063 1539 1102 disegni, sente dell'enorme fatica, dell'eroica ribellione, accompagnata dal sangue di
153 1137 1559 1177 fuoco degli incendi, compiute dal popolo per liberarsi dal dominio
153 1198 349 1250 spagnolo.
347 1154 381 1204 Il
357 1198 1561 1256 Il freddo, nero profilo del duca d'Alba riappare al colmo di codesto spasimo, e
149 1275 1294 1327 di questa gioia, di chi ha riattinto al sapore della vita. In Rubens non
1281 1255 1387 1291 furono
1310 1277 1547 1335 mai spenti.
137 1367 1577 1414 La forza dei suoi sensi, e dell'intelletto aveva soppravanzato la forza delle cose, della storia,
143 1441 1571 1486 della politica. Le donne, riposano tranquille, felici; i tondi occhi dei fanciulli rimandano la
129 1520 1539 1559 luce del sole. Questa casa: la sua stanza, i mobili, le suppellettili, gli specchi alle pareti,
144 1581 365 1637 gli     aloni
315 1553 435 1587 di ottone
385 1573 635 1625 nel focolare, le
593 1536 705 1590 pesanti
643 1579 773 1630 stoviglie
768 1541 885 1596 di feltro
785 1579 895 1635 appese
745 1625 893 1659 al muro,
912 1539 1269 1594 i boccali sulle mensole,
902 1575 1579 1639 il letto rimboccato, dimostrano a suddicienza
153 1670 1553 1708 che un uomo e un artista, si era ritagliato qui il suo mondo, la sua pace vera, fuori dal
145 1745 1571 1788 restante mondo. Qui dentro si spengono, in una orgogliosa solitudine, gli occhi di Roma, e di
163 1821 1583 1860 Grecia e l'inquieto respiro del nord: il suo            fanatico rigore religioso, sola bar-
157 1895 1577 1933 riera alla ribollente libertà della natura. Per Rubens, la natura era la verità passata attraverso
159 1927 581 1961 il suo cuore in immaginoso.
165 1953 1429 2007 I disegni di Rubens seguono il percorso della sua vita: la traccia di una civiltà
1049 1925 1347 1965 di storia e di arte
1429 1959 1591 2016 . Parte, at-
141 2033 1088 2084 taccandosi a qualche "manierista", come quel Tobia Stimmer
1102 2031 1560 2092 di Strasburgo, che somiglia al
893 2121 1133 2160 Stimmer
