1798 2523
1616 334 1659 385 5.
247 525 1663 565 mera d'albergo, raccoglieva le impressioni, i pensieri. Oppure, guardando nel buio della navata,
247 565 663 603 come in uno schermo nero,
235 603 1655 641 evocava gli oggetti, le persone incontrate. Tutto lo colpiva, nella strada. Le insegne degli spacci,
237 668 1611 722 il colore delle case, la gente: gli operai, nelle vesti del mestiere, i cavalli attaccati ai carri,
247 747 1667 796 le lattivendole in giro con le boccie del latte. Ordinava, in mente, i motivi tenui e sfuggenti,
233 822 1623 872 di cui voleva intessere la trama di un poemetto in prosa. Qualche volta, prima di rientrare al-
237 903 1663 946 l'Hotel du Grand Miroir, pensava dal Monte di Pietà. Vi lasciò un orologio: un caro ricor-
237 972 563 1022 do. Per farsi coraggio,
553 945 671 981 scriveva
573 970 1671 1020 scriveva alla madre: -Ne ho un altro, migliore, a Parigi. Pietosa bugia!
265 1050 1657 1102 Curioso il destino della nazione belga, di essere stato il rifugio, o il paese d'illusoria
243 1126 1677 1188 pace, quasi di felicità, dei maggiori porti francesi: Nerval, Baudelaire; poi Rimbaud e Ver-
237 1198 1673 1258 laine. A parte il caso dell'esilio prometeico di Hugo, assai più complesso nelle ragioni civili. Terra
233 1278 1681 1328 di lingua francese, quasi dovunque. Di quei porti: di quegli uomini, avviliti, massacrati nella
245 1352 1643 1400 loro tragedia di miseria umana, si ha il senso di cogliere ancora l'eco delle passeggiate,
241 1431 1663 1480 delle corse ansiose: lo strisciare sordo dei loro poemi, per questa via, per questa piazza. E si
237 1502 1637 1556 ha quasi il timore, alzando gli occhi alle finestre di queste case indifferenti, di vedere
255 1580 1643 1628 comparire il profilo doloroso, dietro i vetri chiusi. Apparizioni, veramente, imbarazzanti,
249 1661 1483 1707 insostenibili: questi "passanti", avrebbe detto Mallarmé, "considerevoli".
259 1727 1103 1781 A me non era riservato di fare simili incontri,
859 1699 1379 1737 sia pure fantomatici o miracolosi:
1120 1723 1643 1775 neanche di scorgere, all'angolo di
249 1813 1645 1853 un'angusta ruelle, di un vicolo intriso di pioggia, il lembo, la punta del lenziolo di cui
247 1883 320 1933 sono
249 1863 375 1895 saranno
330 1873 1623 1930 vestite le ombre di quei grandi. Mi sono accontentato. osservando qualche casa che
245 1954 1632 2004 scantonava dentro un cortile, di immaginarlo discendente di quelli: les bons chienz, les
245 2038 1635 2086 pouvres chiens, les chiens crotty, che Baudelaire scorgeva per le vie di Bruxelles, ai
