1798 2523
275 278 324 330 6
182 317 236 367 3.
143 513 517 568 Mentre Un altro ingegno
457 472 569 515 pittorico
517 522 1407 574 , che pure l'approfondì, troppo appassionato, troppo disperato,
913 392 1463 461 secondo che il tempo suo imponeva,
1416 517 1566 574 ne fu un
162 595 423 647 poco la vittima:
297 571 441 609 Delacroix.
440 594 1137 655 E il canto di lui risuonava a volta lugubre,
981 575 1207 607 di voce mortale
1148 594 1584 649 troppo intrisa di fatica, di do-
161 670 1561 725 lore umano. - A lunga distanza da qui, da questa casa, stranamente incantata, è il posto
159 759 1537 798 di Anversa, sono i traffici delle navi, e l'acqua in moto dell'Oceano portata fin
155 824 1553 880 qui: e da codesta apertura, lo spazio immenso della vita Delacroix provò, per la vita
1357 803 1577 840 senza tregua,
153 896 1585 955 una costante, prorompente nostalgia non solo per l'arte di Rubes: per qualcosa di spon
155 967 868 1021 taneo, di sanguigno, di nascosto come la
823 926 921 975 teneva
876 971 1598 1024 linfa nelle redici; ed di cui avvertiva il tepo-
149 1046 1326 1104 re che saliva, e temperava del colore della vita i volti delle donne, le carni
1222 1010 1360 1068 carni
1342 1050 1588 1106 degli dei fantolini
155 1122 1589 1183 riguardi, le vesti, l'aria che stagnava intorno ad essi. La nostalgia, a momenti gli si mu-
147 1198 665 1253 tava in un angoscioso rancore.
165 1274 1539 1329 Lasciammo la casa di Rubens, con gli occhi, la fantasia ancora accesa, come quando
147 1349 1545 1411 si è usciti dal Padiglione delle Meraviglie. Fummo ben presto davanti al prato. La
151 1426 1577 1483 Schelda, vasta e morbida, riposava fra le banchine di pietra, sotto i ponti di ferro. I traf-
159 1502 1583 1563 fici si svolgevano, lenti, ordinati. Grue, come pacifici mostri colorati di verde, di giallo,
163 1576 1589 1635 estraevano colli, casse, balle di merci, che, dopo un breve giro silenzioso, e comandi se-
165 1655 1571 1713 gnati da fischi stridenti, depositavano su carri, fermi sui marciapiedi, sotto le calate.
715 1741 875 1877 Grue
