1798 2523
171 521 1547 578 Dietro il banco, si muovevano il padrone e sua moglie, occupati nelle loro armoniose mansioni.
147 596 1581 652 Al padrone era riservato di tagliare la bocca di dama, deposta su di un tavoletto di legno. Il taglo av-
147 671 1583 732 veniva, accuratamente, e prese le giuste misure, affondando un coltello sottile, affilatissimo, che correva
143 744 738 798 stando appoggiato ad una riga di ferro.
644 708 722 758 legno
749 741 1584 796 Intanto, la moglie, seduta, silenziosa sopra il suo mati-
147 821 1583 884 nè di cotone bianco, serviva a qualcuno, cavandole da una scansia, altre delicatezze, confetti,
153 896 1476 950 palline di zucchero, che cavava da lucidi vasi di vetro. Il Fiacchi, nei suoi ricordi bolognesi,
1476 869 1514 921 ha
1480 896 1598 948 una pa-
161 972 1563 1033 gina, di grata poesia, da questio luogo, che incomincia: A vultar zò sùbit dalla va del Can
165 1048 1597 1108 a j era una porta..." E continua il suo quadro:".. nelle scanzie lungo la parete vi erano
155 1125 1597 1186 alcuni vasi con dei confetti di coriandoli, dei perfetti amori, degli amaretti, intercalati
157 1197 1553 1258 da delle piccole zucchette di rosolio Camino o Latte di vecchia, Zuccherini lunghi,
157 1279 1563 1334 inerajà scuna in Zemma ch'el parevan statar da zardein... Là, da un lato del banco
145 1352 1561 1414 su di un bel foglio di carta, giaceva un cuscino di bocca di dama, con sù una riga di
145 1430 873 1492 legno per tagliare a dritto filo le fette ..."
163 1505 1545 1564 Tutto, come nel nostro ricordo: la bocca di dama, con la sua riga di ferro, i vasi di vetro, i
158 1582 1306 1636 confetti: ogni cosa affondata nel profumo inimitabile di vaniglia. Cose
1282 1542 1344 1596 che
1313 1580 1596 1639 si guardavano, stan-
151 1671 1579 1707 do sulla strada, davanti alla porticina spalancata, a occhi aperti, quasi sognango. E quando si
155 1713 299 1745 ritornava
155 1732 1563 1786 rientrava verso il giardinetto pubblico: e i muri delle case, riscaldati, odoravano di paste,
151 1806 1579 1875 quasi di pasta dolce, nostra madre, tenendoci per mano, osservava quietamente: "Sarete conten-
147 1886 1195 1943 ti, anche stasera avete visto la pasticceria di via del Cane."-
765 2045 813 2096 *
