1798 2471
541 327 1111 394 La pista degli automobilini
163 493 1559 552 Noi si usciva dal caffè verso le dieci di sera. Chiacchierando, ci si dirigeva verso la Monta-
153 583 1535 623 gnola. A quel tempo era comune, fra i bolognesi, chiamare così il grande spiazzo che si
142 646 846 698 stende davanti al monumento, che ricorda la
847 623 1175 657 giornata          dell'
863 641 1528 698 8 agosto. Lo spiazzo che, allora, era destinato
137 724 1511 781 a ricevere giostre e baracconi di divertimento popolare: padiglioni di fiere e di fenomeni,
141 798 1511 853 castelli incantati, tiri al bersaglio. La musica delle giostre si spandeva, pacata e come
139 874 676 924 udita in sogno, fino dentro la
628 846 692 901 via
676 868 1568 926 della stazione. Via dell’Indipendenza: nei paraggi dell’A-
141 947 1561 1008 rena del Sole. Di fronte al teatro, e dietro il cavallo firmato di Garibaldi, era un caffè, rino-
143 1025 1529 1082 mato in quegli anni per la sua clientela di nottambuli: politicanti, giornalisti, e oziosi, che
121 1113 1527 1151 aspettavano l’ora di ritornare verso casa. Io Ero con il solito amico. Passando, guardavamo
130 1174 847 1229 dentro i vetri del caffè. Sapevano di
787 1151 899 1183 doversi
857 1175 1565 1230 scoprire, ma più tardi, verso la mezzanotte un<lb/>
133 1253 1285 1314 terzo amico. Più anziano di noi. La montagnola era a pochi passi.<lb/>
145 1329 1537 1388 Sul margine della piazza, arrivavano i banchi dei caramellai. Vasi cilindrici di vetro,
137 1405 1571 1464 zeppi di caramella a mosaico, capolavori di intarsio, con disegni stellari, simili a pietre dure
129 1479 1546 1542 di un diadema. E i due dell’ultimo banco: marito e moglie, in lunghi grembiuli bianchi,
141 1553 1561 1612 che giravano, parlando fra di loro, le corde di zucchero filato: una bianca, una verde, una
137 1629 1563 1690 rossa. Qualcosa, come una pentola, bolliva sopra un fornelletto. Fiammelle di acetilene saltando
125 1705 1557 1764 da bussolotti di latta, si producevano nel buio della sera. I banchi di caramelle, quasi, non avevano
125 1781 1531 1846 no clienti. Come pure senza clienti, il chiosco del fotografo – rapido. Un uomo giovane, un ragazzo
133 1856 1563 1914 sedeva là dentro occupato nella lettura di una dispensa di romanzo. La testa dentro un alto berretto
125 1933 1547 1992 di lana. Il cencio nero avvolto intorno alla macchina. Un senso di vita fermata, un indugio vaga-
