1798 2427
189 490 1621 543 La lotta, accanita, durerà esattamente undici anni. È finito il tempo dei sarcasmi, delle
177 568 1625 621 ironie, delle parolaccie. Chi lavora materialmente è serio. Qui si tratta di guadagnare, lavo-
177 644 1607 695 rando in qualche duro mestiere, la propria giornata. Rimbaud aveva scritto un tempo “ J’ai
177 722 1627 773 horreur de tous les métiers. Maîtres et ouvriers, tous paysans, ignobles...") È ve-
169 805 1603 843 nuto il tempo di guardarsi le mani, e dire: _ Con queste, me la caverò! _"
183 867 427 926 ìà maius!..."
441 835 733 869 Povero Rimbaud!
438 867 1649 927 La lotta durerà finchè le braccia, finchè i nervi reggono. Finchè l’orgoglio,
186 947 563 997 più forte delle braccia e
545 915 588 965 dei
576 942 1638 995 nervi, durerà. Suo compagno è l’orgoglio, non la speranza. Mai
189 1022 1020 1072 ci è dato scorgersi tratti di codesta,     la più cristiana
1035 981 1097 1034 delle
1039 1020 1676 1082 virtù, nei paraggi di Rimbaud, duran-
178 1095 1171 1149 te gli undici anni della sua vita d’Africa. Lasciando Cipro
929 1058 1279 1112 Arrivando a Aden
1193 1091 1638 1144 aveva scritto ai parenti: “ J’ai
195 1174 1637 1229 quitté Chespre avec 400 francs, depnis près de deux mois, après des disputes que j’ai
191 1248 1617 1301 eues avec le payeur général et mon nigénieur. Etc. J’ai cherché du travail dans
185 1324 1601 1375 tous les ports de la Mer Rouge... Je suis venn ici après aurir essagé de trouver
191 1406 815 1465 quelque chose à faire en Abyssinie...
797 1400 1596 1451 A propos, m’aviez-vous envoyé ces livres, à
195 1476 1565 1526 Chypre?" Aveva chiesto (come in seguito chiederà altri libri tecnici): Album des
185 1553 1620 1608 Sciences  forestières et agricoles, en anglais, prise 3 francs, contenant 128 desins.
185 1630 975 1685 Etc. Le Livre de poche du Charpentier …
203 1704 1623 1757 A Aden, Rimbaud s’è impiegato, cinque franchi il giorno, presso un mercante di caffè,
197 1778 1641 1831 Monsieur Bardey. Ma poiché, scrive, egli è forse il solo impiegato “un poco intelli -
189 1856 1619 1911 gente di Aden", spera di arrivare ai 200 franchi mensili. Purtroppo: “Aden est un
179 1932 1631 1985 roc affreux, sans un seul brin d’herbe, ni une goutte d’eau bonne: on boit l’eau
195 2010 1627 2061 de mer distillée. La chaleur y est excessive...". La carta, che già esportava dallo Har-
