1798 2501
1550 280 1616 329 4.
206 472 1588 529 ai "dispositivi" dell'interno un modo di rappresentazione, di figurazione lirica, dove
196 559 1139 606 l'impaccio della passione sembra cancellato, o sopito, per
1090 524 1150 554 non
1139 554 1618 589 lasciare nell'animo e sulla pa-
204 642 386 678 gina, che si
376 609 422 635 va
386 637 990 672 coprendo, uno spazio libero e quieto,
936 598 1158 630 qualcosa come
990 635 1644 670 la luce di un mattino. Luce e aria, sono ma-
196 700 1628 763 teria che l'occhio sorprende; e le impiega l'artista, che intende di fissare in immagini gli
186 780 857 829 aspetti della realtà, quasi sotto sottoponendole
845 748 893 784 le
857 772 1515 826 suggestioni del cuore. Il pittore, per tutti: E
1491 747 1541 772 a
1515 772 1600 821 Valeri
194 857 1628 904 che è nato in terra veneta, fu attribuito l'uso di un colore, come quello che si ricava dalla ta-
190 949 311 984 volozza.
190 904 318 940 di pittore
311 934 1604 980 In verità, una linda, una casta, una pulita tavolozza. Una tavolozza fornita di un
202 1014 1421 1068 poco di colore, che la umile presa        alimenta. Così la sua pagina, dove i
1417 982 1495 1012 versi
1421 1010 1632 1044 si sono ve-
198 1090 1013 1138 nuti adunando. Una poesia, per Valeri, deve stare
988 1058 1066 1090 tutta
1016 1090 1323 1123 in una pagina. Che è
1317 1045 1403 1078 anche
1323 1088 1626 1120 la dimensione, equi-
186 1156 1614 1219 librata, della composizione dipinta da un "impressionista" degno del nome. Nello spazio, mo-
182 1228 1610 1293 desto, della tela, della pagina, adunati gli elementi del sentimento, disposti dentro il di-
186 1306 1600 1371 segno, stringato, del motivo. E il colore: il "colore" di Valeri, simile ad una tensione, ad
178 1384 1636 1443 una tessitura di fili fitti su una trama di seta. Non è una liquidità di colore, è un'inten-
188 1458 1602 1523 ità ed un equilibrio, che si richiamano alla superfice liscia, imporosa della materia,
188 1534 1636 1591 della poesia di    un Canaletto. Canaletto:-ponte ideale e perfetto, fra l'effusione dome-
190 1609 1632 1663 stica e lieta, la tiepida gioia del secolo che finisce, e il rigore, la compostezza, la mestizia,
192 1686 1632 1745 dopo le rivoluzioni, le insorgenze umane, del nuovo tempo, che, per quietarsi, sognò la ca-
194 1768 590 1821 stità dell'ordine classico.
204 1836 1618 1899 E l'attaccamento, discreto e composto, di Valeri alla lirica, incisa, epigrammatica di
206 1912 1618 1981 Goethe ellenizzante... Un Goethe, pensoso di un nulla di tristezza, di un dolore come un
190 1986 1636 2043 tarlo invisibile: un tarlo nel marmo. Il suo dolore, messo in parole, risuonava, schiacciato, come
