1798 2476
586 366 1002 419 I viaggi di Ungaretti
174 524 1562 580 Giuseppe Ungaretti ha raccolto i suoi vecchi articoli di viaggio, prima pubblicati, per la mag_
158 614 1560 656 gior parte, su giornali quitidiani, fra il 1931 e il 1935. Dire: articoli, è abbastanza improprio,
157 676 1437 726 per un materiale di tanto pregio e peso. Ma non è forse vero che anche le fantasie
1402 654 1532 686 in prosa
1447 666 1568 720 di viaggi
152 754 1534 804 di Nerval, scaturiti dall'occasione del viaggio in oriente, o da quelli in Germania e in Belgio,
152 830 1572 886 vedevano la luce in giornali del tempo, con la qualifica di articoli, er eranospesso rivisti e cor_
146 899 1488 949 retti da qualche zelante redattore quotidiano? E restano fra i campioni più alti della prosa
1408 863 1502 915 francese
1493 897 1540 949 :_
136 977 1552 1034 una prosa talmente intessuta sul filo dell'ispirazione poetica, da formare l'esempio più mera_
140 1056 1556 1110 viglioso, nel loro secolo, insieme alla prosa d'occasione di Baudlaire, per ogni tempo futuro. Co-
142 1141 1558 1180 munque, diremo che le ragioni di Ungaretti, ottenuto con uno scrupolo d'arte, con la rapida vi_
144 1204 1087 1254 sione e interpretazione della realtà e la paziente elaborazione,
1050 1184 1196 1216 e confronto
1102 1200 1564 1262 che è fra l'osservazione suddetta
150 1280 1544 1335 e il continuo rapporto col sentimento del proprio cuore, furono condotte con l'impegno e, mate_
144 1356 1568 1416 rialmente, la necessità avvertiti e impiegati nell'ottenere i risultati stilistici dei contempo_
156 1436 1544 1490 ranei suoi componimenti in poesia. Si può aggiungere che tali pagine, occasionate da un
146 1510 1564 1566 viaggio, dalla meditazione di un paesaggio, dall'incontro con popoli e gente diversa, sotto cieli che
144 1584 1564 1642 di       non hanno che il destino di oscurarsi quando fa sera, più che essere lo spunto, l'anno_
148 1660 1538 1714 tazione subitanea, la preparazione e la traccia per corrispondenti motivi in poesia, sono la
156 1736 1546 1796 prova e la riprova della fondatezza del sentimento, della giustezza dell'immagine provocata dal
154 1812 1574 1868 vero, o dal ricordo del vero, della profondità "somma" del linguaggio espressivo, attraverso le quali,
146 1886 1560 1946 nell'una e nell'altra forma, il poeta ha risolto il dramma di ricostruire un'altra realtà, che
154 1964 1546 2024 non è solo quella acquisita dai sensi. Per quanto, proprio col tramite dell'espressione in prosa,
