1798 2501
540 289 1194 343 Ringraziamento a Diego Valeri
632 354 1112 409 La poesia di Diego Valeri
180 559 1586 596 Anche nella pagina stampata di lui, sotto i segni neri della tipografia, sembra di scor-
174 633 1414 672 gere il filo sottile e tenace, la traccia del suo inchiostro lieve, la trama
1282 594 1434 624 corrotta
1414 634 1580 672 dalla mano
166 705 1570 751 e dal cuore, che è la calligrafia di un uomo. Sono, come si dice, i suoi caratteri; ed è
162 777 1594 825 espressione di infinita intelligenza e rispetto per la persona e la mente dell'uomo. I "carat-
160 858 1594 901 teri", dunque, di Valeri: una sola cosa con le sue parole. Le sue parole, misurate, iner-
154 931 1592 981 mi come il respiro. Così la sua poesia: il suo lungo lavoro di poesia - in - parole, vasto,
164 1016 859 1056 preciso, ordinato, continuo: quotidiano,
838 981 872 1018 e
859 1016 1580 1052 tuttavia improvviso e nuovo ogni giorno, come
156 1090 1437 1126 un lavoro di telaio: trama o ordito,  stretti dentro quei bordi, quei
1280 1058 1432 1098 margini
1437 1096 1566 1128 di legno.
166 1166 1584 1204 In tanto minuzioso e quieto lavoro, solo la mano sembra la parte e il tutto dell'uomo;
164 1245 631 1282 mano e cuore: le due dita,
532 1202 754 1238 pollice e indice,
631 1243 1578 1280 calme e piene di sangue, che reggono il filo di quel lavoro. Un
164 1313 1566 1363 filo quasi solo di luce, un capello di sostanza vegetale, freddo, lucido, pulito. Ogni poeta
154 1385 1598 1439 trova un materiale per la propria scrittura. Questo rispiega la tela di ragno, la sfilatura della
156 1461 1570 1507 seta, i fili di pioggia, le bave del vento. Una tale propensione: la vocazione a utilizzare
166 1538 1568 1583 elementi quasi impalpabili della materia fisica, può darsi che contrasti con la situazione
154 1615 1580 1661 di un uomo, in un'epoca, come la presente, incline ad esprimersi e impiegare forme di più
160 1689 1566 1734 grezza realtà nella lotta oscura e implacata per ogni minuto, ogni giornata di esistenza
160 1769 284 1813 terrena.
182 1841 1582 1887 L'epoca è aspra come dico: è disperata. Le cose mostrano i denti; non hanno solo il viso,
154 1915 1584 1961 hanno il cuore feroce. Fra tanta rissa, viene un uomo: da tempo è venuto, per accordare
166 1997 1594 2034 sul filo di un sentimento la materia di una poesia, che risuona come il commento, di
