1798 2427
611 340 1021 394 Rimbaud in Africa
921 431 1487 481 "… il s’opera vivant de la poésie."
1281 471 1493 509 (Mallarmé.)
195 544 1607 606 L’inferno in terra: è una vecchia, una povera verità che tutti gli uomini degni di que-
179 622 1597 686 sto nome devono provare. Anche il poeta Rimbaud l’ha provato, veramente, con una ricchezza
169 696 1599 756 di particolari: di esperienze, di cadute, di errori, di fallimenti, con una tenacia e un coraggio
169 771 1609 834 nell'inseguire la disperazione, non la speranza, che ne fanno un’esempio degno di ricordo. Se si
175 856 1615 908 pensa che vi furono artisti, pure da noi amati, che dettarono, per la propria lapide mortuaria, indi-
177 929 1085 990 cazioni di questo genere: Qui giace il tale; amò la musica ,
973 907 1105 941 di Rossini
1094 921 1610 975 Mozart, Schakespeare, eccetera!.
187 998 1603 1058 Cosa avrebbe potuto indicare di se, per la sua tomba, Rimbaud? Forse: _ Amò l’infeli-
187 1078 681 1131 cità, l’ira e il dolore. _ Pare
667 1041 720 1091 È
693 1074 1630 1128 certo che dopo una brevissima stagione in cui la vita gli apparve,
161 1131 307 1173 e fu per lui,
182 1153 1545 1205 un festino di ebbrezza, di esaltazione dei sensi e dell’intelletto, durante il quale, come in <add place="above">
1425 1115 1597 1149 una allegra
1557 1147 1639 1211 bestem-
179 1224 1617 1284 mia e in furto geniale egli potè toccare, materialmente quasi toccare la “Bellezza in un corpo",
169 1304 1627 1360 esprimendone, facendone uscire, in un grido, in un canto, gli accenti di una poesia nuova e altissima,
173 1391 1619 1431 d'improvviso, rapidamente, battendo la porta, in un riso agghiacciante di vita. Rimbaud
169 1461 271 1514 lasciò
171 1437 363 1470 si allontanò da
285 1454 1622 1508 quel luogo, dove poeti, come Petrarca e Baudelaire e Leopardi, avevano soggiornato fino
179 1532 1587 1586 alla morte, piangendo e sorridendo di un destino da loro stretto fra le mani, facendo del proprio
179 1612 631 1668 sangue un inchiostro sublime.
186 1682 1625 1738 A 19 anni Rimbaud chiudeva la sua stupefacente carriera di poeta. Caso, si può dire, unico nella
189 1756 1615 1822 storia degli esseri umani. La sua vita di poeta era conclusa e finita. Non amava più la Bellezza,
195 1835 1623 1896 per averla conosciuta, e posseduta tutta intera, furiosamente, tutta in una volta. Un amore, anzi un
185 1908 1621 1970 accoppiamento, una violenza carnale così subitanea, un concorde rapimento, da somigliare
195 1985 1631 2048 ad una favola antica. Una mostruosità dell’adolescenza. Il mondo ancora ne parla; i critici
