1798 2471
523 320 1051 385 Fantasia su di uno scultore.
177 489 1575 547 Cosa è che ci trasporta fuori dal luogo dove siamo, e lontano dallo spazio e dal tempo, all'in-
153 562 1567 627 contro di oggetti che non sospettavamo come tali, cioè con apparenze diverse? È la forza di un
145 640 1543 700 sentimento e soprattutto il mistero di un destino, che è racchiuso in uni, e che ci fa cenno solo
145 715 1579 774 con il simbolo delle loro forme, linee, dimensioni esterne, che per noi sono incalcolabili, essendoci igno-
149 795 1547 849 te. Con quale metro sono misurabili? L'occhio non ci serve. Occorrono altri strumenti. Strumenti, pare
143 867 1551 927 assurdo, trattandosi di oggetti materiali, che sono dentro di noi, così come il segreto di quegli oggetti è
139 940 1569 1008 dentro di loro. Per carità, il lettore non si spaventi. La metafisica dello spirito non ci è famigliare. Le
143 1021 1583 1084 nostre parole non sono che rozze approssimazioni. Noi stavamo con i piedi fissi sul pavimento, nel vesti=
137 1092 1559 1154 bolo della mostra veneziana, lo scorso anno, in un pomeriggio caldissimo di luglio. Dico: noi, ma io
143 1169 1571 1230 ero solo, come sempre in scansioni di codesto penare. Il plurale è forse solamente l'aspirazione ad una
153 1243 1563 1302 compagnia, ad una testimonianza vivente, che mi assistesse in simile frangente. Mi stavano davanti
150 1318 1565 1385 gli oggetti della mia perplessità. Mi guardai attorno. Un custode, silenzioso, sonnecchiava in un angolo.
165 1398 1591 1458 Era un'ora profonda di siesta pomeridiana. Guardavo, trasecolando e affascinato, come alla vista del
159 1471 1577 1533 serpente, le sculture di Costantino Brancusi. Sculture? piuttosto simbologie, emblemi, scheggie di un
157 1544 1559 1609 cosmo in formazione. Pietre e metallo, e membra di legno staccate dal corpo grondante di una foresta.
165 1624 1561 1686 La scultura, essendo composta di materie uscite direttamente dal suolo, ha questa facoltà di metterci
153 1700 955 1758 allo sbaraglio, di fronte al corpo medesimo della natura.
175 1775 1577 1833 Cercavo di connettere, di ordinare qualche idea, al cospetto di operazioni così insolite, che avessero
157 1852 1591 1916 rapporto con ciò che noi intendiamo per operazione, e opera d'arte. Nella quale, cioè, si sottintenda l'in
157 1928 1595 1992 tervento della volontà umana nel senso di un'idea, di un progetto di bellezza. La mente mi anda-
