1798 2539
130 319 215 369 3.
142 474 1525 535 verde bottiglia, amaranto, azzurro, viola, compongono un tessuto di fantasia,
144 551 1550 613 di allegra malinconia. "Bisognerà vedere come le sta addosso", osserva con mo-
144 629 1546 693 destia la madre. Toccano, sfiorano quei colori di velluto, sogguardando la bambina
141 705 1540 770 che risponde alle occhiate con viso tranquillo. E' bionda, di lisci capelli, sugli occhi ro-
145 780 1551 840 tondi, pungenti. Anch'essa, la piccola, allunga la mano, e, come fanno le donne, si prova
138 854 940 916 a confermare, con la vocetta agra:" E' un bel tipo
865 837 970 866 genere
942 861 1551 913 di velluto." L'abito era imprestato. Per il
137 931 1553 989 fratellino: una specie di agnellino , dolce, di tre anni, non sono previste mascherature di sorta.
140 1008 1547 1066 La grazia del suo viso, la compostezza del capo, sembrano non adattarsi ad una trasformazio-
134 1086 1424 1167 ne, ad un mutamento recato da abiti, da accenni, da colori imprevisti. A lui bastano
1405 1092 1553 1143 la sua ma-
134 1158 1546 1221 glietta, i suoi calzoncini di velluto grigio. Quieto, remissivo vive nell'ombra della
141 1235 1550 1294 mamma, oppure gode di sentirsi divertito e protetto nei giuochi, nella complessa
141 1307 1544 1370 rete di giuochi, di traffici, di parole e di meraviglie continue procurati dalla fanta-
140 1388 1548 1449 sia paziente della sorella. Nella sorellina, che ha tre anni più di lui,egli vede, ora per
131 1470 405 1529 ora,
221 1442 399 1476 prodursi
406 1465 1555 1521 uno spettacolo, un miracolo che egli non sa ancora che si chiama la
136 1538 1248 1597 vita. Per ora, la chiama: giuoco, o, come egli ripete: una cosa bella.
165 1614 1535 1676 Ma l'altra sorella. l'altra mamma, così esile, fanciulla e ridente nei grossi denti
128 1692 1519 1747 bianchi, è impegnata a rivestire il suo fantolino nell'abito di carnevale. Pierrot:
134 1768 1561 1826 consiste in una casacchina, lunga un palmo, e i pantaloni: un altro palmo, divisi, come
141 1843 1550 1903 in uno stemma, inquartati: nero e bianco. Tozzo, rotondo, morbido: ruzzolante come
134 1918 870 1977 un cagnolo coperto dal paltoncino.
775 1900 908 1933 Avanza
898 1921 1546 1982 traballando e senza paura. Quello che non
144 1994 1531 2056 sopporta neppure per un minuto, è il cappelluccio, lo zucchetto, a spicchi bianchi e neri.
