1798 2479
1549 285 1609 335 14.
223 459 1637 519 cato, di vecchia, o antica casa italiana. La casa, ad un piano, è dietro il porticato, che è deser_
209 529 1625 593 to, come deserto è tutto lo spazio della scena. L'ombra della casa: una casa, come un cubo, un
217 610 1633 669 ammasso di pietra e mattoni, l'ombra della casa, sporge e dilaga, tanto nel davanti, come di
227 684 1643 755 fianco, dove va a infilarsi al piede di un alto muro: un muro, massiccio, di palazzo, che
229 757 1641 821 ha solo due minuscole finestrelle; due fessure di buio. Sul primo piano, a destra, e immerso
217 830 1631 899 nell'ombra, una stanza, l'ombra di una stanza, collocata sulla base di mattoni. Non è traccia
217 907 1659 977 di uomo, né di passaggio umano. Tuttavia il quadro è di un'alta, commovente invocazione
213 997 1627 1043 umana. Così, in una sorta di nuova, ripensata, trasportata, profonda mediatazione plastica
226 1062 976 1121 del tempo dell' "arte metafisica", così importante
807 1043 935 1077 decisivo
978 1058 1188 1108 per il destino
1080 1018 1179 1069 poetico
1200 1059 1226 1109 di
1237 1013 1322 1067 Carlo
1240 1056 1352 1109 Carrà
387 1981 721 2037 15 gennaio 1961
