1798 2476
161 296 209 346 3.
155 449 1038 501 rifiuti sociali, occupato dal silenzio minaccioso
894 409 1026 445 dei negri
1045 445 1536 501 ha conosciuto la figura del cencioso,
140 533 1554 573 dell'affamato "giovane francese, magro da far paura, con gli occhi azzurri senza speranza". La città
149 593 1313 647 di Haszar è una città di fango; le strade, come il fondo di torrenti. Capanne
1232 574 1362 614 di paglia
1330 591 1531 641 case di paglia.
1434 582 1542 620 pietra
1532 596 1588 646 Solo
142 679 1580 725 la moschea, col suo splendore bianco. I mercati di bestiame: piccoli monticelli di pecore, di sto_
152 755 1580 803 viglie, di arnesi rudimentali da lavoro. Muli legati ai pali. Cammelli in riposo, su prati pela_
150 838 1546 874 ti. Per le strade, verso il mercato, le donne, file di schiavi. Commerci, all'aperto: il legname,
156 894 289 949 l'avorio,
174 874 650 909 il catrame, le pelli, la gomme.
297 898 1567 951 Rimbaud progettava di apprendere professioni tecniche. Ordinò in Francia libri, cioè<lb/>
154 979 1576 1029 manuali: Le Manuel du Charmon, Le Manuel del Tanneur, Le Parfait         , L'Ex_
152 1055 1544 1111 ploritaton des Mines...Dizionari, vocabolari. Li chiedeva, con la serenità e la modestia del
146 1139 1562 1186 giovane apprendista. Quandi li ebbe, presto li trascurò. La necessità lo spingeva a far presto. Inco_
148 1201 1329 1255 minciarono i suoi rapporti con armeni, egiziani, turchi e greci. Avventurieri,
1274 1174 1402 1210 predoni,
1342 1203 1580 1255 gente fra la peg_
150 1283 1588 1337 giore. Si sentica solo, ma questo lo riempiva.Tentava gli affari, con ogni mezzo. Al cadere della
152 1359 1584 1407 notte, si chiudeva nella sua casa, dava le disposizioni ai servi. Consumava l'ultimo pasto. Se_
142 1433 1540 1481 duto al tavolo, dove nessuno gli teneva compagnia. Talvolta, prendeva annotazioni degli affari,
142 1507 1552 1557 e scriveva, con l'occhio distratto, vecchie carte geografiche. Oppure cavava un poco di          da uno
150 1586 1584 1633 strumento indigeno a corda. Finiva per buttarsi sul letto. Nelle notti, che on passavano mai, sten_
150 1659 1562 1707 tava a prendere sonno. Gli giungeva, nel buio profondo, il latrato dei cani delle      di
164 1741 268 1787 guardia.
150 1813 1576 1863 In una lettera alla famiglia, del maggio 1881, sono i sogni di una cupa decisioni, che la disperazione
138 1890 1548 1937 non può vincere:" Hilas! moi, je ne tiens pas du       à la vie; et si je vis, je mis habitué à
147 1958 482 2008 vivre de fatigue; mais
460 1923 524 1979 si
492 1958 1531 2008 je mis force de continuere à me fatiguer comme à présent, et à me
