1798 2531
1537 343 1619 394 4.
225 521 1661 578 giore. Era un vecchio "milanese": milanesi si chiamavano tutti quelli che fuori dall'Emilia, non
227 609 1649 649 parlavano nè veneto nè genovese. Così come            quelli del Piemonte, da noi, erano
225 663 1557 723 detti "francesi di Torino". Oppure: "Svizzeri". Dunque il chiavaio milanese
1405 649 1547 683 portava
1559 680 1656 717 i suoi
217 755 1631 797 arnesi fin dentro l'Università, essendo il chiavaio di fiducia dei professori dello Studio Ma.
211 815 984 876 delle botteghe ricavate, fin dal medioevo, data la
833 791 1038 825 intorno alla
986 803 1630 868 base della Torre, la più parte erano quelle
219 896 1635 952 dei ramai o battirame. Era di qualifica chiamarsi "battirame delle Torri". Risonava, in
217 969 1629 1027 ogni ora della giornata, lo spiazzo di Porta Ravegnana per il battere di costoro sul fondo di
230 1051 961 1101 pentole tegami e cazzerole. D'estate quando
884 1030 963 1063 con
977 1045 1190 1095 il sole batteva
1037 1017 1275 1053 che picchiava
1191 1043 1660 1095 sulle lastre e sugli oggetti lavo-
217 1125 1659 1179 rati, era tutto un barbaglio rosso, uno specchiare di porpora, come per l'effetto di un incendio.
223 1205 1651 1262 Il ramaio era, quasi sempre, lattoniere o stagnaio. Da noi, veramente, si chiama sta-
233 1280 1663 1338 gnino. Lavora la latta, il zinco, oltre alla banda di rame. E fa ogni saldatura con lo sta-
229 1353 1625 1410 gno. In Toscana lo dicono: trombaio, perchè manipola i tubi di piombo dell'acqua,
217 1432 1631 1486 i doccioni degli scarichi. Traffica intorno ad acquai, e lavabi, dove serve l'acqua
225 1507 1655 1574 per gli usi di casa, donde il nome più aggiornato di idraulico, dato a stagnini e trom-
217 1579 1643 1638 bai, sull'esempio di Francia. Dove i mestieri di quest'ordine sono divisi fra l'operario
217 1663 667 1712 ferblantier e il plombier.
227 1745 1672 1785 Pure, dal lattoniere e stagnino, ricorreva il fumista, sulla fine del secolo scorso, per farsi "ar-
219 1819 475 1869 rangiare" una
449 1785 567 1821 sorta di
493 1795 1680 1878 pentola a doppio fondo, una ariosa pentola con dentro, acciambellata,
223 1887 1677 1944 una serpe di piombo, che egli chiamerà, secondo l'uso inglese, boiler. Questo ingegno-
221 1960 1664 2020 so pentolone che il fumista, già inclinato all'arte dell'idraulico, collocherà con suc-
217 2037 1674 2096 esso nei ristoranti (alla "Corona d'oro", alle "Tre zucchette", al "chianti") prima che nelle
