1798 2539
155 324 218 374 5.
141 505 1322 543 secolo scorso, quasi sempre mostrano di essere malattie e smarrimenti (dai
1291 461 1379 495 primi
1322 504 1509 539 romantici ai
137 565 1551 630 simbolisti) assai invidiabili. Beati loro. Quando gli chiederanno dei suoi coetanei gli impres-
147 640 1545 705 sionisti, Redon sapeva osservare:" Ils sont un peu bas de plafond pour moi". Non è che
131 719 1541 784 egli non avesse i piedi per terra: era un forte sentimento intellettuale, quasi il ricordo e
133 793 1543 856 la nostalgia di un tempo perduto, che guidava le sue immaginazioni. Così i suoi fiori notturni,
132 867 1549 928 i suoi centauri, i suoi soli, i suoi ragni, le sue meduse, i suoi motivi alluderanno potentemen-
129 944 1567 1008 te al senso di una realtà più vera. Certo Redon, negli anni di sciagura francese: 1870-1871, lesse
125 1021 1531 1082 i Canti di Lautréamont. Del resto facevano parte di un mondo, di una corrente di vita che dopo
135 1110 1551 1147 gli esempi ormai classici di Coleridge, di De Quincey, di Blake, oltremanica, s'era trapiantati
134 1191 598 1227 in terra di Francia.
489 1135 655 1173 Prolificarono
763 1147 881 1181 la poesia di
598 1187 895 1221 Nerval
895 1185 1265 1217 e quella di Baudelaire.
141 1247 1545 1312 Isidor Ducasse, Conte de Lautréamont difendeva da quell'albero di sangue; oppure, di-
133 1322 1541 1379 remo di inchiostro. Inchiostro poetico. Morì a 25 anni, avendo scritto i Canti, e un breve
135 1399 1565 1458 libro di Poesie, che intitolò: Préface à un livre future. Un piccolo, strano libro, in cui, all'orgas-
143 1474 1569 1534 mo dell'immagine lirica, è subentrato lo scatto di una meditazione di "superiore ironia" (Gor-
139 1550 1569 1610 mont) testimoniando della tristezza opprimente dei suoi semidei, dei suoi angeli decaduti, dei suoi
159 1643 400 1677 ermafroditi. A
385 1603 443 1633 tale
400 1639 1535 1675 proposito            : ho rivisto il disegno dell'amico pittore ferrarese,
139 1717 484 1759 di cui ho fatto cenno
377 1673 593 1715 in principio.
484 1717 1551 1751 Mi ha colpito, nei tratti di penna nera, simili a graffiature, e il filo intessu-
136 1793 720 1832 to di pastello rosso, che finge le righe
675 1755 739 1789 rosse
723 1791 1567 1833 di una povera maglia di ragazzo. Allucinazione, e malinco-
137 1853 1557 1916 nia di adolescenza. Ho potuto trascrivere due righe di scrittura. Dice: "Gli uomini oggi gli uomi-
143 1928 1555 1992 ni di ieri gli uomini di un secolo di due di tre ecc. secoli fa - L'ho veduto!" Omaggio
134 2013 922 2065 timoroso di un giovane poeta-pittore, quaranta
928 1986 1035 2026 cinque
922 2013 1565 2061 e più anni fa, al misterioso Conte di Lau-
153 2072 1043 2135 tréamont: l' "ermafrodito" delle "ore 24 1/2."
271 2225 471 2278 25.2.958
