1798 2539
1558 312 1618 363 2.
229 489 1634 557 nella sua solitudine ferrarese, da quella pagina: anzi nostra pagina di "Lacerba", ave-
219 570 1634 639 va dedotto una fantasia e una meditazione in carattere col suo temperamento: un dise-
221 638 1625 717 gno, che io vidi allora, e che ho rivisto da pochi anni. Il disegno, che ritrae un giovanotto,
225 716 1607 789 con una ciocca di capelli calata sulla fronte, il busto agile racchiuso in una maglietta a
235 794 1619 865 righe rosse, reca una scritta, un appunto: L'ermafrodito Vi si aggiunge che l'aveva dise-
239 870 1643 947 granto una "domenica", alle "ore 24 1/2." Nel resto della carta, altre parole a penna, so-
231 957 1637 1013 no l'accenno di una visione, quasi di un inno "agli uomini". Lasciando stare l'ami-
237 1037 1462 1085 co poeta ferrarese (che divenne, in seguito, uno dei più geniali pittori italiani, )
1073 991 1623 1033 uno degli "inventori" dell'arte moderna
1462 1033 1625 1069 , non passò
231 1096 1643 1167 molto tempo che, trovandomi a Firenze, mi accadde di riparlare del Conte di Lautréamont.
227 1172 1664 1249 Seppi quanto se ne poteva sapere, immaginare, arguire nei cenacoli d'avanguardia di allora.
225 1252 1637 1323 Di fatti, di lì a poco, sempre in "Lacerba", aprile 1915, fu pubblicato un altro brano
221 1332 1153 1394 di Canti, intitolato: Dio, nella traduzione di A. Soffici.
243 1398 1631 1475 Penso che, in quegli anni di guerra, mi avenne ancora di fare il nome, e di ottenere, sul
229 1478 1655 1551 conto dell'inavvicinabile            autore di Maldorov, qualche notizia o suggestio-
225 1552 1640 1627 ne, come quelle che ci scambiavamo col mio coetaneo Raffaello Franchi. Fra il '916 e il
233 1632 1649 1712 '917, intrattenendo un poco di corrispondenza con poeti d'avanguardia francesi, provai di ca-
241 1706 1656 1774 vare qualcosa di più. Erano Reverdy, Cendrars. Il nome e quasi l'insegna, sempre spetta-
237 1774 1631 1853 colare anche col solo nome, di Lautréamont, comparve nelle prime effemeridi dadaiste. Ne
233 1850 1637 1927 chiesi ad Ungaretti /estate del '918): mi disse di non possedere il testo, ma di averlo
233 1930 1631 2003 letto a Parigi. Forse, a quell'età, non ero in grado di misurare l'ampiezza del
225 2010 1663 2077 vuoto che la guerra, appena finita, aggiungeva allo stato di disegni, anzi di abbando-
