1798 2479
155 279 203 334 7.
165 444 1583 506 La composizione si fa liquida e sonora come le musiche nel mattino d'estate
173 522 1583 587 I 4 tomi grigiopiomboblù Rosa Bianco Nero come grappolo d'uva matura
167 596 1565 655 mandano sul volto sferico della composizione riflessi variati d'infinita dol_
176 672 1119 730 cezza varietà infinita nella unità di 4 numeri
183 743 1595 810 E' la celeste teoria che insonora il muto vortice della realtà e ne modula
161 828 383 884 il canto...
171 896 1447 960 La coscienza tornò limpida e sonora come le musiche nel mattino d'estate
179 972 1551 1033 Le teribili logiche rivolte verso lo stellato lautamente migrano da uno spazio storico
165 1055 451 1112 ormai soppresso
193 1125 915 1183 sull'asse del metodo vidi le 5 parallele
181 1202 1189 1261 Inserirsi in una di esse significa palpitare sul cuore di tutte
185 1278 349 1334 ancora vita
203 1350 337 1412 altra vita
203 1423 1579 1488 fino all'incantesimo per una bellezza che dal quadrante frangibile della
177 1510 365 1566 materia...
199 1578 859 1640 La corporale bellezza si
183 1652 1581 1712 Lo spirito che anima una pena cosifatta, amaliazione di ritmo e di dimensione strofica,
183 1728 1583 1793 quasi scandita, più che nel pensiero, sulle parole e sul pensiero, ha qualche rapporto con il
173 1803 1591 1866 respiro d' "alla montagna" di talune pagine zaratustriane. Si sa di quale importanza
153 1880 1597 1944 risultò, per la poetica del futurismo, la Componente_Nietzche, nel senso di disporre la mente
157 1958 1607 2016 dei nuovi "rivoluzionari" ad un lecito rovesciamento, e sradicamento  dei valori morali: M
