1798 2473
1567 281 1623 331 6.
222 447 1608 506 di Derain, al quale per l'appunto, Apollinaire chiede di illustrare il suo libro di quel
220 523 924 581 momento: "L'Enchanteur pourrissant."
212 599 1608 659 È un punto d'arte: circa il 1910, che il lavoro letterario, la nascita ordinata della sua
226 675 1652 737 poesia, si svolge in una contemporaneità significativa con le ricerche e i raggiungi-
214 750 1648 815 menti dell'arte figurativa dello stesso tempo. E vero che le prime le prime scoperte, le prime at-
230 827 1658 889 tenzioni di Picasso e di Braque in ordine alla tecnica, alla poetica dal Crocifisso, con
220 901 1630 963 tutte le implicazioni estetiche che si portavano dietro, sono del '907 e '908. Ma è
226 979 1648 1037 in realtà, con l'inizio del secondo decennio del secolo, che codesta profonda rivolu-
238 1055 1636 1113 zione, non solo di un'arte, ma dello spirito europeo, sommava un pensiero, sposta
238 1129 1638 1189 una massa di iniziative poetiche, e suscita un'onda vasta di sentimenti che si
230 1204 1670 1268 inscrivono, matematicamente, dentro il disegno di una forma poetica nuova, col mezzo
220 1279 1604 1341 delle parole scritte, o delle forme, delle linee plastiche raggiunte. Si trattava di una
218 1357 1616 1417 riforma, di un'avventura, di una rivoluzione, la cui portata si è prolungata
232 1436 1652 1500 per due decenni almeno, e i cui riflessi, a ben giudicare, non si sono ancora spenti.
236 1512 1650 1568 Apollinaire, con la sua mente ansiosa e precorritrice, non poteva non trovarsi al centro
224 1586 772 1645 di un tale movimento di idee.
226 1654 1626 1717 Sono rintracciabili, sul vasto terreno della poesia francese, anticipazioni che, senza
216 1732 1652 1795 dubbio, Apollinaire non ha voluto trascurare. Citatissimo l'esempio della "bouteille"
216 1807 1662 1867 idrogrammatica di Rabelais, e i tentativi di "fantasie tipografiche" di Rétif de la Bre-
222 1886 1660 1947 tonne, incontra molti antenati con l'impiego dei più vari, diversi, contrastanti" carat
232 1966 1660 2025 "di stampa. E il grande esempio, ancora crepitante del Campo di Mallar
