1798 2539
1582 306 1643 356 2.
236 485 1608 559 figliola, osserva con occhio di sopportazione quel trambusto, quel chiasso domenicale.
272 562 1631 629 Si aspetta l'arrivo dell'altra sorella. Questa, come di consueto, entra dal
246 627 1654 706 giardino: spinge la carrozzella del suo bimbino. Il giardino, e la casa sono
250 706 1654 778 in una vecchia casa bolognese: fra antiche mura tinte di rosso. Il giardino
237 788 1669 857 è composto di un lembro di prato, di una pergola, che in questa stagione è nuda: solo,
235 858 1661 934 i fili di ferro e i viticci secchi della vita. Quattro aiuole, un ulivo, un fico, una
243 934 1641 1008 magnolia, un albero sferico, che fiorisce di minuscoli fiorellini bianchi, in
239 1035 571 1089 un giorno di
452 1004 578 1036 maggio
597 1009 1643 1074 Un amico del padrone: un poeta, scoprì che si trattava di un vi-
246 1101 354 1151 toforo.
275 1166 1534 1242 Le due sorelle sposate sono dunque, coi loro bambini, in casa dei nonni.
1219 1099 1451 1151 altre due sorelle,
1412 1069 1547 1099 ragazze
1469 1101 1636 1136 le incontrano.
1561 1165 1631 1215 C'è
242 1239 1650 1312 la nonna, che li aspettava, il nonno, che vorrebbe finire un suo lavoro con la
247 1333 651 1390 , da quella parte.
242 1305 551 1342 C'è un altra sorella.
687 1315 1649 1375 Le due cagne bassotte: madre e figliola, sono un poco in
239 1391 1653 1461 ogni stanza. La nonna, senza fretta, parla con le figliole, di cose della famiglia,
246 1471 1644 1546 di piccole cose sue, loro: le calzine, le mutande, le maglie, di quei picco-
247 1540 1656 1614 li. Ma ecco il discorso della giornata: la piccola festa, quel poco di carneva-
241 1614 1622 1686 le in famiglia: quelle cosette di carta, quella patina di calore. "Almeno, per
245 1696 1638 1762 farlo capire a loro", -dice la nonna. Ai nipotini: che ricordino della giornata.
247 1773 1643 1840 Difatti, tutte le donne mettono mano ai loro cartoni. Dentro ci sono gli abiti, le
237 1860 582 1916 stoffucce, i capellini.
259 1923 1640 1990 La bambina, che ha sei anni, vestirà un abito di Arlecchino. Anche il nonno, dopo
256 2037 335 2070 aveva
248 1999 357 2033 avere
355 2004 1655 2064 aspettato un poco, è venuto a dare un'occhiata Le toppe: le mandorle di velluto
