1798 2479
209 532 1559 595 Carlo Carrà: il pittore Carrà è nato, a Quargento, in provincia di Alessandria, l' 11
169 612 1589 669 febbraio 1881. Non è solo per festeggiare il suo ottantesimo compleanno, felicemente toccato,
169 686 1591 755 e per stringere la mano al caro amico, che queste brevi annotazioni, ora seguenti, sono sta-
163 764 1571 818 te pensate, e ordinate alla meglio. E' anche perché, nella lunga vita di lavoro, di applica-
157 838 1591 897 zione ininterrotta, in tanti anni, all'osservazione dei fenomeni della realtà e nella medi-
161 914 1569 967 tazione di essi nei rapporti con la poesia dell'arte pittorica, cui il nostro pittore ha prestato
155 1003 1569 1042 un animo e un intelletto rappresentativi del nostro tempo, Carrà riassume e configura
152 1064 1429 1119 una delle individualità, le quali, col tramite delle immaginazioni artistiche,
1111 1039 1517 1077 e delle opere che le esprimono,
1446 1066 1584 1119 rappresen-
153 1141 1319 1197 tano il tempo moderno, in caratteri e          che possono dirsi storici.
195 1218 1527 1275 Le origini, artistiche, per così dire, di Carrà, sono di quelle che ogni vero artista ha per
153 1290 1579 1345 destino di affrontare e comprendere: a 14 anni apprendista decoratore, addetto presso un'impresa
149 1367 1547 1423 di lavori murari, a Milano, a Monza, al Castello di Lecco. Può così frequentare, negli anni
155 1440 1595 1499 seguenti, la comunale scuola d'arte applicata, al Castello Sforzesco, che fu la strada, insieme alle
163 1520 1567 1575 lezioni serali, nelle scuola di Valenza e di Brera, per un tirocinio di         di lavoro, e di
157 1596 1591 1651 esperienza umana, di conseguente pratica sociale, che, unitamente ai sogni dell'arte, servi-
163 1667 1593 1729 ranno a far crescere la moralità dell'uomo. Si può dire, senza timore di fare rettorica, che Carrà
161 1745 1579 1807 è nato operaio. E' una eventualità, e una sorte, che ha radici profonde nell'esistenza, e con
155 1822 1597 1885 una giusta inevitabilità dispone l'animo, come una molla nascosta, ogni volta che l'uo-
157 1900 1557 1957 mo vagheggia e intraprende un'azione, ogni volta che, anche nell'ordine delle azioni
163 1978 1571 2035 spirituali, appena appena si accinge a promuoverle. E' forse qualcosa, come nascere
