1798 2427
181 471 1615 531 Rimbaud veste un abiticcio di tela, di cotone. Il volto dimagrito, abbronzato, nero, come le magre
175 545 1617 613 mani. Mani usate, si vede, a mestieri “ignobili". Nel torrente, è un poco d’acqua. Rimbaud poggia i
177 623 1617 694 piedi sui sassi della riva. Sassi, come lava spenta. Dietro le spalle, cespugli di spini. Un paesag-
181 698 1627 764 gio di desolazione immensa; e un uomo vi è dentro. Si direbbe un galeotto, un evaso dal carcere. Questa
175 775 1615 841 lettera del maggio, è tra i documenti più commoventi, nella sua compostezza, della vita del tempo
177 860 327 918 africano.
165 929 1136 990 _ Isabella, dice, ha torto di non volersi sposare, se qualcuno
1081 885 1153 946 uno
1152 921 1582 984 serio e    istruito si presenta;
173 1005 1621 1064 uno che abbia un avvenire. _ “La vie est comme cela, et la solitude est une mauvaise _ Isabella, dice, ha torto di non volersi sposare, se chose,
155 1078 1601 1149 ici bas". E la solitudine è una triste cosa. “Pour moi, je regrette de ne pas être marié
153 1154 1623 1227 et avrir une famille. Mais, à presente, je suis condamné à errer, attaché à une entrepri-
159 1230 1595 1300 se lointaine, et, tous les jours, je perds le goût pour les climats et les manières de vivre
169 1304 1607 1370 et même la langue de l'Europe". Sono condannato a errare; e ogni giorno perdo il gusto
169 1382 1640 1452 per le maniere di vivere e la lingua d’Europa. È un tremendo lamento, che contiene una confes-
145 1457 1619 1528 sione e una condanna per qualcuno. "Aimé! _ continua Rimbaud, e a cosa servono queste par-
176 1535 1583 1601 tenze e questi ritorni, e queste fatiche e queste avventure presso razze straniere, e queste
179 1611 1569 1676 lingue di cui ci si riempie la memoria, e queste pene senza nome, se io non devo un giorno,
181 1686 1625 1750 dopo tanti anni, potermi riposare in un luogo che un poco mi piaccia, e trovare una fami-
181 1764 1629 1830 glia, e avere almeno un figlio che io possa per il resto della vita educare a mio modo..."
181 1839 1613 1900 E verso la fine, la dolorosa conclusione: _ “Vous me parlez des nouvelles politiqus. Si vous
179 1919 1628 1975 saviez comme ça m'est indifferent!... Comme les musulmans, je sais que ce qui ar-
181 1994 1632 2051 rive arrive, et c’est toute". E questo è tutto. In quanto al sentimento di affetto, di tene-
