1798 2427
174 480 483 531 la Svizzera, in Italia.
459 400 1075 448 Breve soggiorno, e malattia, a Milano.
504 475 1607 527 Per Livorno e Marsiglia, ritorno in patria, donde partenza per l’Olanda.
169 554 1631 606 Arruolato per le colonie olandesi, sbarca a Batavia, diserta; s’arruola su d’un veliero inglese.
177 630 1628 682 Ritorno in Francia; di qui si dirige in Germania: interprete in un circo ad Amburgo. Poi:
169 707 1619 764 Svezia, Danimarca. Ripassa dalla Francia, in Italia. È a Roma; lo imbarcano a Civita-
173 784 1601 836 vecchia. Di nuovo, Charleville. Ancora ad Amburgo. Una volta, di ottobre, traversa i Vosgi, a
161 856 1631 918 piedi; è in Isvizzera: passa il San Gottardo, sempre a piedi. A Genova, s’imbar-
191 936 1615 988 ca per Alessandria d’ Egitto. Giunge a Cipro, dove s’impiega come capo in un cantiere in
177 1010 1589 1064 costruzione. S’ammala: è spedito a casa. Ritorna a Cipro, e di qui, insofferente del
179 1085 1587 1139 clima, guadagna Aden, sul Mar Rosso. Siamo nell’agosto 1880. Ecco Rimbaud
181 1160 1605 1216 In Africa, dopo avere, come la belva in gabbia, battuto il capo in ogni angolo della vecchia
179 1236 1611 1288 Europa. In questi sei o sette anni, più nessun segno, nessuna traccia visibile, esterna del suo
180 1307 1213 1363 passato di poeta. Tutto si è dissolto, per sempre. Le sue lettere,
1215 1270 1291 1321 quasi
1231 1306 1600 1357 esclusivamente dirette ai
189 1394 645 1442 famigliari, parlano chiaro.
199 1475 1619 1515 Adesso c’è un uomo, in cerca di lavoro, magari di fortuna. Spesso scalzo, stracciato: un
184 1543 903 1593 vagabondo sulle banchine dei porti, nelle bettole
772 1493 1106 1546 di trafficanti e marinari
902 1540 1629 1596 , negli uffici di lavoro. Una figura magra, im-
187 1618 1623 1670 penetrabile. Quando, sprovvisto di documenti, bussa ai consolati francesi, il funzionario registra-
182 1695 1621 1747 no nella sua pratica: “Cé français, qui est grand, sec, jean gris, moustaches presque blon-
173 1768 1143 1822 des, mais petites, m’à été amaré pour les carabiniers".
685 1719 1360 1771 Condotto dai carabinieri, per informzioni.
1168 1762 1626 1813 La sua storia, ormai, ignorato
184 1845 773 1896 dai manuali e repertori delle lettere
590 1799 770 1850 nazionali
767 1839 1556 1903 , passa tutta sui registri e schedari della polizia.
203 1930 1623 1966 Rimbaud, da adesso, è tutto dall'Africa. È qui l’Inferno in terra, che egli ha cercato. Prepa-
181 1996 581 2047 rato alla lotta mostruosa
419 1958 580 2008 faticosa
594 1995 1635 2049 , egli non cederà che perdendo a brano a brano il suo povero corpo.
185 2050 1619 2091 L’Africa di Rimbaud non è l’Oceania di Gauguin. I sensi selvaggi non sono quelli di
185 2087 1615 2143 J. J. Rousseau.  Il colore “fauve" che egli scoprì prima di Van Gogh, le illazioni roman-
185 2129 1377 2175 tico sociali resteranno in eredità dei suoi contemporanei, e dei posteri.
