1798 2473
154 288 220 338 7.
174 453 1594 514 mì. O i vari, pungenti "papiers collès, di parole insinuanti, ironicamente, da Jules Re-
166 527 1590 583 nard sulle pagine della "Revue blanche" in piena stagione simbolista, o suggerire e
166 600 1574 663 presentare i contorni di "figure" con un disegno di sole lettere. Ma è invece       certo che
168 673 1556 733 le ragioni, le motivazioni delle ricerche poetiche di Apollinaire affondavano le radici, e
164 749 1574 812 cercavano, giorno per giorno, nel terreno medesimo dentro cui crescevano e mettevano già
166 829 1578 889 frutti assai evidenti le ricerche dei pittori e degli scultori suoi contemporanei. Inestricabile è,
166 903 1564 961 storicamente, questo rapporto spontaneo dell'arte di Apollinaire con l'arte dei cubisti, e
158 979 1556 1038 degli innovatori figurativi dei suoi anni. Quando Apollinaire formula in termini critici
158 1054 1606 1111 il fondamento di codesta sua estetica, ricorre, naturalmente, a termini e espressioni impie
180 1126 1558 1197 gati dagli artisti e dai commentatori critici dell'arte nuova. La parola "simultaneità"
152 1206 1586 1267 è tra le più frequenti del suo linguaggio. Pur rammentando che anche essendo
162 1283 1540 1342 di alcuni un tale        ,come si ritrova in suoi quaderni e scritti, è nel 1912
166 1358 1586 1424 che Egli lo comunica in sue note           e nelle "Soirées de Paris"; finché è in que-
160 1437 1596 1498 sta ultima rivista che, in data 15 giugno 1914, Apollinaire concentra un programma, un prin-
170 1509 1592 1570 cipio estetico sotto il titolo di Simultanisme-Librettisme. In codesto articolo, in cui ricorrono
164 1583 1594 1643 le citazioni dell'opera di cubisti famosi, e di loro "casi" paralleli, come Duchamp,
162 1659 1592 1725 e l'intrinseco suo amico Delaunay, non manca neppure il ricorso ai futuristi italiani. Così,
174 1735 1592 1797 offre alla testimonianza relativa al proprio lavoro poetico, vi si possono leggere dichiara-
164 1810 1598 1874 zioni, di questo genere pittorico illuminante: "C'est ainsi que si on a tenté (L'enchan
160 1884 1548 1948 pourrissant, Vendémiaire, Les fenêtres, etc.) d'habituer l'esprit à concourir un
170 1962 1594 2022 poème simultanément comme une scène de la vie, Blaise Cendrars et Mme. Delau-
