1798 2383
185 328 221 378 5.
167 467 1529 533 esercitati: via Zibonerie, Calzolerie, Cimarie, Pelliccerie, Spaderie, Piazza della
161 544 1603 609 Canapa… E cioè: “Bottega di Caffè", il Caffè dei Cacciatori, dove andavamo da ragazzi con nostro
169 619 1583 689 padre; “Bottega di granarolo; Bottega di Forno (qui vendevano le pagnottelle o crescentine
171 694 1569 763 coi ritagli di prosciutto messi dentro); Bottega di Cappellaro, Tabaccaro, Salsamentario;
171 769 1581 837 e Portoncello delle Pescherie per i venditori         " Qui sistemarono il Cinema
167 846 1607 907 Marconi, il primo di Bologna. "Bottega di Orologiaio, Locanda di         Pellegrini, Bot-
179 921 1601 989 taio, di Berrettaio, di Tabaccaro…" Non si
183 997 1603 1067 anche qui nel centro, nel cuore della città, erano case basse, casupole, alloggi di mercan-
167 1073 1587 1139 ti e artigiani, col tetto spiovente e le tegole annerite o verdi di muffa. A qualche finestrella
163 1151 1597 1213 squadrata nel mattone, un muro di gerani, verdi e rossi, come segno della campagna qui vicina.
161 1224 1567 1291 Sono le case dei commerci. Altrove, nelle vie più quiete i palazzi, le dimore delle nobili
169 1299 1589 1371 famiglie. Qui, e tutto diramandosi dal centro urbano, le vie e viuzze di case modeste,
171 1377 1607 1441 su cui è impresso, fatalmente, il segno della vita in origine agreste e agricola della città emilia-
153 1454 1617 1523 na. “Case, case, case, case, case", dia l’ideale stradario; case di uno, di due piani, di un’ar-
161 1529 1603 1599 cata, di due arcate al massimo. Riunite, cucite, murate l’una all’altra, con dentro il necessa-
168 1591 1626 1667 rio ai bisogni quotidiani: Bottega di Forno, di Fabbro, di Cordaro, di Barbiere, di Coramaro,
167 1677 1571 1747 di Calzolaro, di Tintoria, di Falegname, di Lanternaro, di Sartore, di Panieraio, di
177 1756 1609 1818 Staderaio, di Caffè, di Pastarolo. E bottega di Farmacia: ma erano poche, a quel tempo. Piut-
171 1837 793 1899 tosto: Bottega di Cantina (“Vende vino").
169 1910 1629 1970 Più ci si avvicina alle antiche Porte, e quindi alla campagna, allora imminente sulla città,
189 1984 1245 2040 si fa vivo il carattere rurale dell’architettura bolognese, che, come
1243 1942 1275 1995 di
1253 1978 1635 2042 un fregio naturale, si
1529 1937 1630 1998 adorna
