1798 2476
1548 285 1603 338 2.
220 451 1640 526 possono fornirci nelle ore incerte, o in quelle decisive, ma proprio nel contrario di codeste real_
212 531 1606 594 tà, sentimenti, principi. Molto si è detto, pensato e scritto sull'abbandono, e distacco
206 602 1627 666 di Rimbaud della letteratura. Egli sapeva di avervi raggiunto, e toccato, quelle che un
1546 590 1630 626 uomo
210 678 1606 748 moderno può aspirare di raggiungere e toccare. Con lui era stato chiuso il capitolo della
206 753 1596 820 "bellezza" in poesia. Il canto, che era stato prerogativa dei poeti dell'antichità fino al suo
212 833 1622 902 tempo, era stato piegato, donato, fino a diventare tutt'altra cosa:_ discorso, drido, invettiva,
218 905 1590 974 e riferito dell'immaginazione, del sogno. La poesia in prosa di Rimbaud contiene
206 981 1622 1054 tutto quanto; e altro. Un invito, un richiamo, un allarme, rivolto all'uomo, perché l'uomo
220 1057 1628 1124 "nuovo" sappia di essere dotato di uno spirito e di una coscienza guidata dalla libertà. La
220 1133 1642 1202 libertà da ogni vincolo intellettuale. Quasi che l'uomo si senta e si giudichi come il primo
216 1209 1628 1276 uomo. Solo ubbidirà ad un senso di verità, e di giustizia. "Basta con la poesia", sembra
216 1285 1646 1352 dire, e dice. Da adesso siamo solo uomini. La verità: anzi l'esistenza è una cosa tremenda.
222 1360 1632 1429 Non ne abbiamo paura. La vita si vive nel lavoro, il puù duro, e nel dolore, previsto e
222 1437 1620 1508 calcolato, di ogni giorno. Lavoro: lavoro bestiale, rischio, fatica; miseria, e il conforto del
228 1513 1510 1594 guadagno. Infine, forse, un poco di pace. E la morte. Una morte, che chiude la partita.
248 1591 1632 1656 Rimbaud giunge, dopo un passaggio da chiamarsi veramente l'inferno in terra: giunge nel_
218 1676 1636 1724 l'Harzar a 26 anni. La poesia era finita, sette anni prima. Non erano stati, quegli anni di
219 1735 1308 1800 vagabondaggio, di fame, di disperazione, altro che la via materiale per
1270 1716 1376 1750 compiere
1317 1737 1637 1789 l'esperienza umana:
226 1820 1642 1880 la ricerca del lavoro, di un poco di denaro.           lo ha ricordato, accennando agli     _
223 1887 1663 1954 chi da provare mai, i tentativi di ingaggio, le sue offerte ai mestieri più umilianti. Ogni porto
228 1966 1640 2036 dal Mar Rosso; sulle banchine, sugli uffici marittimi, in quelli commerciali, nelle osterie di
