1798 2427
185 479 1611 543 tentano di raccontarlo, in libri e libri. Il poeta, in qualche lettera agli amici, aveva dichiarato
179 557 1639 619 il suo cuore, annunciato il sopravvento del suo carattere sull’opera del suo ingegno poetico, il
187 636 1610 694 sopraggiungere, non arrestabile di un’onda, il suo temperamento, la sua destinazione alla
183 710 1615 770 vita nelle forme più profondamente, e insieme materiali e umane. Lettere, come risate, e
177 781 1633 847 insolenze, enormi ironie, sarcasmi scavati nella carne viva della vita: _ “Je me dois à la Société, <lb/>
189 862 1639 925 c’est juste, _et j’ai raison... Maintemant, je m’ encrapule le plus possible... Il
186 936 1580 995 s’agit d’arriver à l’inconnu pas le dérèglement de tous les sens. Les souffrances sont
179 1015 1639 1074 énormes, mais il faut être fort, être né poëte, et je me suis reconnu poëte. Ce n’est
187 1092 1644 1152 pas du tout ma faute. C’est faux de dire: Je pense. On devrait dire: Oh me pense. Pardon
177 1160 1643 1224 du jeu de mots. JE est un autre." Nella lettera a Demeny, la cosidetta “lettre du voyant",
189 1241 1655 1305 egli scrive: “..il s’agit de faire l’âme monstrueuse: à l’ instar des comprachi-
205 1317 1633 1382 cos, quoi! Imaginez un homme s’implantant et se cultivant des verrues sur le vi-
193 1393 1611 1457 sage.   Je dis qu’il faut être voyant, se faire voyant. Etc. Ineffable torture où il
185 1469 1583 1533 a besoin de toute la foi, de toute la force surhumaine, où il devient entre tous le
191 1548 1654 1606 grand malade, le grand criminel, le grand maudit... Car il arrive à l’ inconnu!
181 1625 1597 1686 Puisqu’il a cultivé son âme, deja riche, plus qu’aucun !..  Qu’il crève dans son
189 1701 1583 1758 bondissement par les choses inouïes et         innommables : viendront
187 1777 1635 1836 d’autres horribles travailleurs; il commenceront par les horizons où l’autre
193 1852 1662 1906 s’est affaissé !"_ È una lunga citazione; ma ci voleva. Sono, ripeto, da due lettere
187 1927 815 1989 del 13 maggio e del 15 maggio ‘71.
191 2003 1643 2065 Incomincia, com’è naturale, con l’ironia: Io mi devo alla Società. Questo spirito d’a-
