1798 2476
130 268 203 321 5.
134 446 1582 508 Tempio di Poseidone, a Pesto. Qui la prosa si fa imponente come la poesia, e il canto lirico. "Una giorna_
128 520 1582 580 ta d'un azzurro favoloso". Tutto è scena, e pesante memoria, è reazione, non senza un sospet_
138 593 1524 651 to di sortilegio d'Oriente. Ma già il suolo è Italia. "Odo il lungo pianto della caduta
136 669 1556 727 d'un Impero." Il Tempio, che assiste, testimonia l'orrore impossibile dei secoli. Pietra, sasso,
144 745 1580 805 nient'altro. "Oh, le cose seducenti passano, e la misura, che, senza misericordia, le fa apparire
150 820 1548 879 mutevoli, è, in quel tempio, d'un'impassibilità agghiacciante! - Venga dal        o
156 895 1546 954 venga dal sogno, la bellezza può non essere orrenda ? - Tutto il resto che ci commuove, non
148 971 1562 1031 verrà se non da malinconia." Parole: sembrano le battute in qualche parte di Shakespeare. Di qui, il
142 1047 1536 1105 viaggio si riportò al di là degli appennini: nel "paese dell'acqua". E' Ferrara, e il        di
139 1118 761 1168 Comacchio. La terra residua fra i
646 1089 729 1139 rami
774 1114 1566 1173 del grande Po. "Fiandre e Olanda" ci spingono fino alla
149 1197 1015 1247 casa di Eusor, a quella di Rembrandt. Da questo
946 1180 1034 1214 mondo,
1019 1195 1581 1256 che ha pure i suoi fantasmi, l'ago preci_
132 1289 1578 1328 pitoso ripiomba al sud. Sono "Le Puglie": il Tavoliere, e l'acqua delle fontane risorta in figura
138 1347 591 1401 di mitologia lieta, Siponto
454 1322 598 1356 Siponto
596 1347 897 1399 /"Siponto non è più
905 1307 971 1367 che
904 1349 1578 1405 un nome musicale"), cattedrali, figure, ani_
142 1425 1538 1489 mali in fuga: linea,profili, rilievi come nel recto di una moneta greca. Montagne, pianure
137 1502 1562 1556 di grano, di erba, e il mare vicino. Il Gargano e "la casa dei saraceni". Ancora il fiato d'Arabia.
139 1572 1570 1629 Qui finisce l'itinerario europeo dello scrittore. Come appendice, o coronamento del lavoro, Unga_
150 1653 1568 1713 retti ha posto, frutto di un viaggio più lungo, quello che chiameremo il quaderno brasiliano. L'Ungaretti
140 1729 1572 1787 vi soggiornò qualche anno. Nel quaderno, e quasi libro a se, egli ha riunito un grappolo di canti del po_
139 1803 1580 1869 polo, vere figurazioni di una fantasia rituale e, nel ritmo incantatoria, oltre alla poesia di cin_
138 1879 1276 1943 que poeti brasiliani del nostro tempo. Tradotti, come solo Ungaretti poteva fare.
230 2035 428 2095 25. 3. 1961.
