1798 2427
207 491 1655 547 è dedicato a lavori o professioni tecniche della vita moderna conosce come sia facile farsi, oltre
185 560 1643 624 il giusto impiego, una religione di codesti strumenti della civiltà. La città di Harrar è col-
181 636 1639 700 locata su di un altipiano, a circa 2000 metri. Quando Rimbaud la raggiunse, a cavallo,
177 712 1585 776 dopo un viaggio attraverso il deserto somalo durato venti giorni, credette di scorgere,
179 788 1621 848 in mezzo a un piano verde e solcato, come dei grossi rilievi di terra. La città è circon-
185 868 1637 926 data di mura in pietre: là dentro, un ammasso di case in pietra e di capanne ricoper-
185 947 805 1002 te di fango. Il fango, secco, ricopre
685 910 789 972 riveste
821 945 1593 995 tutta la città. Le strade, sono dei solchi nella
187 1016 1597 1080 terra, fondo di torrenti per la stagione delle pioggie. Gli abitanti, piegati ai modi
184 1095 670 1151 della vita araba: le donne
688 1092 1583 1147 bellissime. Rimbaud vi trovò, oltre a qualche caffè,
193 1168 1643 1236 a qualche spaccio di bevande, perfino alcune maison clores. Rimbaud era il primo
203 1244 1603 1310 francese che entrava nella regione. Aveva 26 anni. Disposto il carico delle merci
195 1323 1585 1380 recate da Aden, egli si interessò di sistemare l’alloggio: era una sorta di fattoria,
199 1398 1579 1458 con l’abitazione dell’agente e dei suoi servi, e i magazzini. Fece qualche viaggio
195 1470 1639 1532 nell'interno del paese, a procurare i generi di commercio, e dei cammelli, da servire
211 1549 1599 1612 per le carovane. Il lavoro si svolgeva lento, monotono, tra le difficoltà inevitabili
201 1624 1645 1684 a codesto traffico, oltre a quelle fornite dai concorrenti mercanti armeni e greci. Pratica-
203 1699 1607 1766 mente, viveva isolato, lontano da ogni contatto col mondo civile. Gli abitanti rozzi,
195 1777 1637 1838 bestiali, e sospettosi. Finita la giornata, si riduceva in casa. Apriva i libri giunti d’Eu-
197 1853 1641 1914 ropa: ci si annoiava e intristiva. Manuali tecnici: una scienza propinata in for-
203 1927 1639 1986 me elementari, degna del miraggio enciclopedico dei Buvard e Pécuchet lasciati in
224 2008 1654 2060 Francia! Giunse l’inverno. Al cadere della notte, le guardie chiudevano le porte
