1798 2501
1556 274 1609 324 6.
206 480 480 525 "I nuovi giorni
482 414 864 466 così si chiama il nuovo
480 472 1594 526 sono il nuovo libro di Valeri, il frutto pulito, e raro del suo lavoro di
194 544 1632 611 questi anni. Vi sorprendiamo un assottigliamento, una rarefazione della materia nei mo
194 622 1574 679 tivi che sono, spesso, i consueti della sua riflessione lirica. E soprattutto una ancora più
192 696 1576 753 stringata castigatezza, un rigore quasi impalpabile, una norma assidua nell'adeguare
182 774 1626 829 le figure dell'immaginazione, -che in Valeri è sentimento,- con l'espressione, con la mo-
178 850 1584 904 dulazione infinitamente armoniosa del suo discorso. La sua applicazione alla poesia,
200 935 1626 984 giunta a questa maturità, abbisogna ormai di labili motivi, di occasioni fuggitive, qua-
206 1019 538 1052 si come chi fermi
476 978 752 1014 e annoti registri
538 1012 1618 1050 in un diario, o in un almanacco sui generis, il passaggio di un
182 1078 1588 1133 ricciolo di vento, di un lembo di luce, di un'ombra del cuore. Sono componimenti,
188 1154 1626 1217 sono canzoncine da stare, appunto, in un appassito e fragrante almanacco del tempo Roman-
176 1240 1604 1286 tico. Come quella, che il poeta intitola: augurio di capodanno , nella quale sembra conte-
190 1322 595 1360 nuta la sostanza lirica
400 1284 694 1316 di tutta un'opera,
595 1317 1576 1353 di cui abbiamo     con parole più imperfette, tentato di
186 1390 656 1441 dare appena la suggestione:
466 1460 1024 1510 Io credo all'uccellino batticoda,
478 1536 920 1587 che ci porti il buon anno.
468 1608 1054 1661 Scorze liscie sull'umido tappeto
486 1684 1184 1735 di bruni muschi, alla soglia del mare,
484 1760 1208 1811 sosta un tratto a beccare, e poi di nuovo
486 1838 1066 1889 scivola via come una spola, vola,
482 1912 1174 1963 sparisce in cielo. Neppur ci ha guardati.
474 1988 1144 2041 Ma è bello, affusolato, grigio e bianco:
488 2058 1006 2108 porta, certo, il buon anno.
1322 2166 1550 2221 5 luglio 1960
