1798 2479
1547 287 1606 339 6.
207 470 1619 535 di Bologna, "La Diana" di Napoli. Sarebbe augurabile che un editore raccogliesse, così come
205 555 1643 605 è stato fatto per gli scritti propriamente critici, questi componimenti di Carrà che, a parte
198 629 343 684 il valore
331 601 447 637 poetico
353 621 1600 671 intrinseco, sono una flagrante testimonianza di un periodo di storia artistica
201 699 763 756 italiana. Se nel periodo cosidetto
673 671 915 707 del movimento
781 694 1626 746 futurista, che aveva le sue sedi fra Milano e Firenze,
201 778 1631 837 il lavoro di pittura di Carrà aveva progredito a fianco di pittori, come Soffici, Palazzeschi
201 861 1573 911 e Papini, i maggiori responsabili quindi dell'atteggiamento estetico del giornale del
223 924 1479 986 gruppo: cioè di "Lacerba", dopo il 1915, il fiancheggiamento leterario all'opera
1432 886 1543 941 pittorica
1487 922 1618 972 di Carrà
207 1007 1597 1065 ha i suoi autori in una compagine di scrittori seduti intorno alla rivista "La Voce", sia
207 1079 1617 1141 nel tempo della direzione di Giuseppe Prezzolini come in quello di De Robertis. Scrittori che
207 1167 1589 1211 si chiamavano: Vincenzo Cardarelli, Riccardo Bacchelli, Dino Campana, Carlo Limati,
207 1236 550 1288 Fernando Agnoletti,
441 1203 697 1239 Roberto Longhi.
564 1226 1619 1278 Nell'anno seguente: il 1916, è l'incontro coi due fratelli Giorgio De
209 1319 635 1367 Chirico e Alberto Savinio_<lb/>
205 1388 1629 1439 L'esercizio dell'arte pittorica ha sempre abbisognato, in Carrà, di tali contatti, e di chiarimenti,
201 1456 1585 1516 che ne derivavano, recati con ordine a illuminare il proprio lavoro. Si diceva del
205 1536 1629 1597 dipinto intitolato: Il gentiluomo ubriaco. Carrà ne tentò una "analisi e sintesi",
201 1612 1633 1673 espressa in termini, direi, di smontaggio e di ricostruzione lirica, in un ritrovamento quindi
205 1685 1597 1745 delle ragioni prima, di moventi sentimentali situati all'inizio del concepimento di
207 1760 1605 1821 una tale opera. In queste pagine, di schietta tempera poetica, Carrà si pone al livello dei
215 1836 1435 1907 poeti in prosa del particolare momento storico. Dice la prosa di Carrà:
259 1910 1605 1973 "Il soggetto scomposto nei motivi essenziali viene lanciato in libertà nella
224 2000 631 2049 spazialità           .
