1798 2476
1555 278 1625 329 4.
218 452 1646 506 detiene il misterioso segreto, che dalla materia trapassa nel suo cuore. E' la potenza indeci_
207 528 1648 580 frabile delle forme, la sostanza medesima della terra, dell'aria, che inducono ad un'espres_
208 605 1644 665 sione profonda e scavata, di cui il linguaggio si plasma e vive di vita autonoma. Non è
209 682 478 734 frequente, o quasi
467 657 507 707 è
482 676 1620 726 impossibile, trovare nella poesia italiana precedenti o esempi di un tale
202 754 1604 818 esercizio. Per l'Ungaretti è espressione di natura, così in prosa, come, si vedrà, nella poesia in
210 832 1624 897 versi. Sono ghirigori, scavature, labirinti che la terra e il suolo d'africa hanno rimandato
212 906 1626 971 e rifuso nei caratteri dell'architettura araba. Dice Ungaretti:" Ero appena fuggito dal luogo
222 981 1622 1043 atro, e andavo- per una piazzetta gremita di bandiere verdi o rosse alle finestre e alle
210 1057 1650 1125 botteghe, e sui carretti, e sulle casse - errando, quando, con la mano sinistra, mi fece-
210 1139 1634 1198 un pittore canuto - segno e - sopra il dorso dell'altra mano che ritraeva la folla
210 1212 1634 1278 - del cielo tesse una mano - strappata un cadavere? - cadde". Dalla città il
206 1287 1636 1347 viandante avanza verso il deserto. Baluardi di pietra, torrioni. Moschee e cimiteri. "Ma ci sono
220 1362 1656 1422 altre tombe, stele che        piano piano nel deserto come un branco di pecorelle, e si perdono".
214 1436 1664 1504 Una moschea:".. una moschea che, vista di sotto, pareva un presepe di cenere..." Sopra
211 1517 1662 1569 è il cielo, occupato da uccelli.." nibbi erano lassù. fermi e con le ali a moto. Arriva un branco
211 1580 1657 1645 di corvi. Fu la guerra. I corvi, a giudicarli dal peso, pezzi di ghisa; i nibbi- e avresti detto
210 1662 1376 1731 che anche a toccarli t'avrebbero fatto quell'effetto - pomice rovente."
230 1734 1602 1804 L'itinerario ungarettiano si sposta: vola, ritorna, punta comel'ago della bussola. La
218 1814 1656 1882 Corsica prima, indi un generico mezzogiorno, che vuol dire Salerno, Ercolano, Pompei e Napoli.
214 1895 1664 1951 Elea e la primavera: uno dei capitoli; che risuona, nel titolo, nella nostalgia meravigliosa
206 1964 1614 2034 di un canto immaginato da Leopardi. Più è la Grecia, fattasi Italia, nell'incontro del
