1798 2383
679 347 1085 414 Lady Macbeth
675 473 843 528 Macbeth
195 556 1595 616 In una calda sera d’estate, dopo cena, ero uscito a prendere una boccata d’aria. Dentro
181 631 1599 691 casa, non si respirava. Il viale di circonvallazione, tocca in parte, i Pubblici Giardini. Se-
171 706 1591 766 detti su di una panchina, la meno occupata. Solo un uomo, era a tenermi compagnia. Avrà
177 783 1579 839 avuto una cinquantina d’anni. Vestito decentemente; aria di persona per bene. Perfino mi parve
169 857 1565 918 tenesse un libro, o qualcosa di incartato in un giornale, tra le mani. Poche parole corsero fra di
179 933 1557 990 noi: sul caldo eccessivo, sulle generali vicende della vita; dette con lentezza, e senza voglia. In
173 1022 1595 1069 quella, è probabile, mi appisolai e presi sonno. Non posso dir come. Sta di fatto che nel    son-
175 1089 1534 1139 no, o nel sogno, il compagno di panca ricominciò a parlare. Doveva essere una vecchia
1441 1067 1527 1099 storia
1538 1085 1579 1135 che
177 1161 847 1222 ripeteva di frequente. Ero il suo racconto.
174 1235 1601 1294 - “Lei sa già chi sono, dichiarava subito. – Le dirò piuttosto qualcosa di mia moglie. La chia-
187 1311 1579 1370 mano: Lady Macbeth. Appunto. Lady Macbeth mi apparve, la prima volta, in una luce
177 1388 1597 1446 di porpora. Attribuivo questo colore al tramonto d’estate. Noi due ci amavamo. Erano
185 1462 1575 1528 già accadute cose, di cui il mondo ha parlato. Per quanto noi due fossimo, di carattere,
191 1539 1579 1596 segreti. Un vento la portava sull’acqua insanguinata. Poiché una camminava su
169 1614 1577 1677 di un liquido spessore, tinto di rosso. Qualcosa di forte, di coraggioso e di maschile era
177 1691 1579 1747 sul suo passo, che non si udiva. Poiché io ero su di un gradino, o una soglia di pietra,
169 1767 1603 1828 essa         dal bagnato, mise il piede sull'asciutto, stampandovi un’orma scura. Fe-
177 1841 1615 1906 ce uno, due passi. Quando fu vicina, la vidi tenere le mani, bianche, sul ventre, appena
179 1920 1593 1984 coperto dalla ante. A poco a poco la scortava, senza mostrare dolore: col gesto di chi tappa,
185 1995 1609 2054 col palmo della mano, la bocca della fortuna. Un liquido oscuro copriva ben presto qui
