1798 2471
1533 265 1587 315 2.
233 417 1638 472 cosa ci riserba il tempo che viene. Anche in questo, come in quasi tutti i Dialoghi delle Operette
213 486 1633 538 morali, si direbbe che Leopardi ha inteso di immettere, nel tessuto narrativo, una
211 569 1650 624 di pensiero e di movimento autobiografico, modellandola, dilatandola su di una lunga li-
209 642 1599 702 nea di accompagnamento, per così dire, musicale. Ed è solo la particolare musica e
213 716 1627 776 melodia, la cadenza e il ritmo di Leopardi cava, come si cava un respiro dal petto, dalla
217 799 1631 866 pia mente. Pare incredibile, ma è proprio a codesta "musica", fatta solo di parole abbassate di
209 875 1609 928 tono, e legata ad un genere di semplice e casta sintassi, che Leopardi affida, non solo la
221 944 1623 1013 malinconia lucida dell'animo, ma proprio i motivi del suo pensiero. Che è, naturalmente, un
231 1021 1615 1085 pensiero costante e fermo di sfiducia nelle azioni e nelle opere umane. Unico compiacimento,
223 1096 1633 1156 e concessione al lavoro di poesia, l'invenzione dei motivi e delle scene, e il movimento del
221 1174 1619 1232 discorso dei personaggi, che si prestano ad agire e quasi a recitare su di una scena ideale e
213 1248 1377 1306 metafisica. Così il Colombo, e il suo compagno Gutierrez di questo dialogo.
219 1323 1623 1384 Parlano e argomentano, divagano, parlano ancora. Come i protagonisti di un melodramma
213 1400 1623 1458 romantico. Quasi sempre i Dialoghi leopardiani, in quanto potenziali "operette" sceniche, sono
207 1474 1637 1536 degli atti eroici. I due navigatori discorrono, di sera, appoggiati ai bordi della nave. "Colom-
211 1550 1605 1616 bo. Bella notte, amico. Gutierrez. Bella in verità: e credo che a vederla da tona, sarebbe
215 1626 1625 1690 più bella. Colombo. Benissimo: anche tu sei stanco del navigare. Gutierrez. Non del navigare
213 1704 1617 1766 in ogni modo; ma questa navigazione mi riesce più lunga che io non avevo creduto, e mi
205 1778 1639 1842 dà un poco di noia... " Gutierrez, in sostanza, confessa al navigatore i suoi dubbi sull'impresa.
221 1852 1641 1914 Quand'è che si scorgerà il primo lembo di questa nuova terra? Sorgono le albe, l'una dietro
207 1931 1645 1991 l'alba e nel silenzio misterioso dell'Oceano l'occhio non scorge che l'infinito del mare Colom-
