1798 2539
545 246 945 296 La valigia delle Indie
199 304 997 366 Lautréamont, ovvero l'Hermaphrodite.
1035 271 1551 321 Invenzione dell'ermafrodito
1051 341 1373 391 (Lautréamont)
175 497 459 543 Come sentimmo
177 435 493 481 Quando leggemmo
459 495 1557 543 la prima volta, il nome di Lautréamont? chi ci parlò, al tempo
143 578 1545 617 della infanzia letteraria, dei Canti di Maldoror? Dico: infanzia, perchè la giovinezza
143 658 262 691 dovette
205 619 335 655 per noi
262 655 1561 693 incominicare assai per tempo. C'erano molte cose da fare. Sta di fatto che, nell'a-
153 735 747 771 gosto del 1913, era stato pubblicato
589 693 771 727 in "Lacerba"
747 731 1557 768 un brano di quei Canti, col titolo di: "L'herma-
147 807 1551 849 phrodite" che in quel foglio di dichiarato immoralismo papiniano, suonava ancora come
145 888 400 921 un eco in
301 851 389 883 certa
400 879 1531 920 di arcadia settecentesca inglese. Oppure scambiammo l'autore, con quel
139 951 1563 1001 titolo nobiliare di Conte, per un contemporaneo di Cazotte, di Restif. In quanto all'argo-
139 1023 1535 1075 mento, mitico - sensuale in quegli anni andava molto Oscar Wilde. Un anno dopo ero a
155 1103 1535 1153 Ferrara. Ero in casa di un mio amico poeta: "poeta come Giacomo Leopardi", egli
155 1181 1567 1229 usava di dire, tanto per qualificarsi con la vecchia portinaia, col pasticcere, dove compe-
145 1251 1523 1305 rava il tè del pomeriggio, coi contadini di suo padre che, ogni sabato passando dalle
145 1329 1531 1379 campagne sperdute in valle si presentavano in "palazzo", per l'udienza del
151 1405 919 1455 padrone. Nella stanza dell'amico, sul tavolino di
904 1378 959 1406 un
919 1404 1545 1451 bureau ingombro di carte e di libri, vidi
147 1489 1573 1533 sporgere un fascicolo di "Lacerba": quello medesimo con la pagina sull'ermafrodito. L'a
115 1572 618 1609 mico mi informò
427 1531 617 1563 non senza
618 1563 1557 1602 poetica e crepuscolare confusione, che si trattava di un poeta
161 1633 1557 1685 francese; ed aggiunsi: "naturalmente, amico di Verlaine e di Rimbaud". Il platonico
117 1705 1555 1755 sodalizio dei due, era un grande argomento, per dei ragazzi intorno al 1916. Oggi non
157 1781 1555 1835 farebbe impressione, soprattutto non inciderebbe come ideologia estetica. Nelle poesie di Verlaine,
145 1857 1565 1907 sotto il banco di ginnasio, ne cercavamo le conferme. Naturale che, ogni ragazzo, ne ricavasse
147 1937 903 1989 le proprie conclusioni, nè due diversi ordini.
155 2009 1553 2063 A parte la favola: l'invenzione di Lautréamont, "amico di V. e di R.", il mio amico,
