1798 2471
1549 277 1601 327 4.
216 410 1634 466 me, frastagliate, sinuose; ed è curioso che, tanta astrazione, sia in rapporto, da una parte, con qualcosa
216 484 1633 549 dello Stile Liberty di fine-secolo, e dall'altra con l'efflorescenza decadente di certo Modigliani.
220 560 756 613 L'ottone placcato dei banchi da bar,
703 535 937 571 il metallo dorato
766 563 1637 623 delle prime automobili condividono il rischio di una tale este-
215 644 291 697 tica.
225 712 1643 777 L'Adamo ed Eva somma verticalmente un eccesso di elementi decorativi, di plasticità summa-
215 790 1635 856 le violenta, e il legno, in cui è scolpito, insinua un gesto idolatrico, e rituale di feticcio primitivo;
209 862 1639 928 non diversamente da come lo Spirito di Budda, incavato nel legno rossiccio, nel torcimento di
215 934 1667 994 vite, nelle dentature d'ingranaggio, nelle intaccature e nel finale sferico di testa di torchietto,
219 1017 1632 1074 non esclude sul l'intenzione di trasformare in oggetto, in strumento inerte, in accessorio di
214 1090 1657 1151 officina l'idea iniziale di un'immagine di infinita, interminabile meditazione. Il lettore che sia
210 1171 1660 1231 stato, per un poco, dentro la suggestione di codesto gruppo e schieramento di opere di Brancusi,
217 1245 1660 1300 come noi vi fummo, potrà condividere il senso di stordita contemplazione che le nostre parole ten
219 1318 1640 1375 tano di riprodurre. Conoscevano qualcosa della "letteratura" brancusiana, per aver avuto per le
212 1397 1664 1457 mani l'omaggio a Brancusi, il volume ordinato da Christian Zervos nei suoi "Cahiers d'Art".
223 1473 1656 1537 Quanto di meglio, all'incirca, la critica ha procurato di studio e d'interpretazione sullo scultore,
209 1544 1656 1606 il vecchietto solitario e dimenticato fra i gatti e le latte sfondate dell'Impasse Ronsin, a Parigi.
212 1618 1658 1687 Impasse Ronsin: è un vicoletto cieco, un cul di sacco, dalle parti di Vangirard, occupato da cata-
217 1698 1647 1756 pecchie, baracche e atelier d'artisti. Il vecchio è rimasto là dentro, come un qualunque operaio sul
201 1774 1663 1842 suo laboratorio. Le sculture, che egli custodiva gelosamente, coperti d'incerati, di tendoni da camio-
201 1850 1649 1918 nisti. In mezzo a una confusione di tronchi d'albero sbozzati, tavoloni di legno, blocchi di pietra,
205 1926 1669 1996 lastre e cubi di marmo. E tutti gli attrezzi del lavoro: seghe, scalpelli, trapani, martelli, mazzuoli.
