1798 2383
203 378 260 428 1.
223 466 1527 531 Sarà così in ogni città, ma mai come a Bologna, nella cattiva stagione, ho capito
203 540 1587 613 come le strade siano dei passaggi, dei sentieri che collegano casa a casa. E le case,
201 618 1589 687 dei rifugi, dei ricoveri dove salvarsi in questa stagione. Le strade si curvano e
199 694 1583 767 piegano, si restringono e allargano per avvicinarsi agli       accessi delle case.
195 768 1611 839 In casa c’è il fuoco, l’acqua, il letto. Sono costruite con terra impastata, modellata
201 846 1611 911 e cotta; sorrette di travature, che sono alberi, e parti di alberi. Servivano più che la difesa
205 922 1609 987 o la lotta, o la rivalità bellica, tra ospitare e salvare l’uomo dal tempo. Per “tempo"
183 996 1595 1067 da noi si intende intemperie, e nel tempo c’è un significato quasi di forza natura.
201 1074 1561 1146 “Fa tempo": vuol dire, cambia il tempo, e fa brutto. Per la pioggia e la neve, per il
201 1152 1619 1210 maltempo e gli inverni che non finiscono mai, ci sono i portici, davanti alle case.
197 1224 1579 1289 Per spiegarsi l’origine del portico, nelle case emiliane, bisogna pensare all’origine agri-
191 1300 1595 1369 cola e aperta di codesta terra emiliana. E basta ripensare al significato , di tettoia e
183 1375 1575 1441 ricovero per gli attrezzi e gli animali da lavoro, che ha il portico nelle più antiche case
187 1467 1557 1512 di Bologna che ancora restano. Il portico è formato di colonne e di travi di legno, di
196 1537 932 1594 carattere e formazione tutta agricola e         ,
785 1511 891 1545 rurale
980 1535 1616 1592 sul quale, molto in alto, è la dimora degli
177 1605 1571 1667 uomini. Alta, inalzata sul livello della terra, è la casa, anche per salvarla dal pericolo
288 1667 396 1705 e dai danni delle acque dei fiumi, e dei corsi d’acqua, che, di frequente, straripavano e alla-
191 1693 1613 1743 danni
197 1754 1431 1821 gavano in ogni parte. La nostra architettura ha queste povere e vere origini.
199 1832 1609 1899 L’Emilia è una terra fertile di un benigno lavoro. La natura favorisce gli
201 1908 1559 1975 Le case hanno il colore della terra, dei frutti della terra sui quali sia passato il
215 1982 1599 2059 peso del tempo e del cielo. Colori di campagna: il rosso, il giallo del grano, della zucca,
