1798 2427
183 486 1621 554 rezza umana che contengono queste parole è fin troppo forte per noi. Alla fine di marzo del
191 564 1611 628 1884, Rimbaud, con le solite sei settimane di viaggio a cavallo, ritorna al Mar Rosso, a
193 639 1631 704 Aden. La Maison Bardey è in cattive acque. Rimbaud pensa a cercare altro lavoro. Ormai
193 717 1591 781 il suo destino, fino alla disperazione, sarà di non stare fermo, di lavorare, di faticare in
189 794 1611 851 ogni modo. In ogni modo e con tutti i mezzi, pur di guadagnare il pane. _ “Sto per compiere
195 867 1591 935 i 30 anni (la metà della vita!), _ dice, e mi sono molto stancato a girare il mondo senza
203 944 1645 1011 risultato" (5 maggio ‘84) _ Le faccende di Mr. Bardey si aggiustano: Rimbaud rimane, senza
195 1016 1649 1087 entusiasmo, e quasi senza speranza. Bisogna tirare avanti. Nel dicembre, rispondendo ai suoi,
201 1098 1675 1161 dice di non sentirsi in grado di lasciare l’Africa. L’Europa non fa più per lui: lo sa bene.
194 1173 1623 1234 “Pour longtemps encore, je suis donc condamné à suivre les pistes on je puis trouver a vi-
201 1246 1647 1304 vre..." Condannato: la parola ritorna spesso sotto la sua penna. Lavora, economizzando il cente-
189 1323 1637 1385 simo. Beve acqua. Non fuma. Il vitto gli costa 15 franchi il mese. Veste in tela di cotone. Lavora, e
187 1401 1647 1464 traffica, e fa progetti, progetti di affari. Da tempo ne insegue uno. Nel settembre ‘85, staccato-
190 1480 1648 1536 si definitivamente da Mr. Bardey, anuncia il suo grosso affare. In ottobre lo conferma. È la
198 1557 327 1611 famosa
265 1537 421 1570 fornitura
338 1555 945 1607 di armi per Menelick, re dello Scioa.
201 1626 1643 1686 Per organizzare la carovana necessaria alla spedizione, Rimbaud si trasferisce a Tagiu-
203 1702 1661 1769 ra, sulla riva opposta del Mar Rosso. Miserabile e sudicio villaggio         , dove il com-
193 1777 1647 1845 mercio più importante, è quello degli schiavi. Qui, Rimbaud stringe rapporti e perfezione il
179 1856 1649 1915 contratto d’associazione con un Labatat, un avventuriero francese. Qui passano la primavera,
185 1937 1661 1993 l'intera estate dell’86, nelle ricerche, trattative, attesa di documenti. Nell’affare Rimbaud
198 2016 1661 2068 impegna il suo capitale, di 15.000 franchi, e tutto l’avvenire. Trovati i 2000 fucili occorrenti,
