1798 2471
1578 265 1637 317 2.
218 409 1648 464 va altrove. Per esempio ai motivi, alle occasioni di semplice e profonda meditazione: meditazione è
223 486 1648 539 piacere, delle nozioni fondamentali della scienza fisica. Rincorrevo nella memoria un certo libretto
212 561 1652 627 dove sono raccolti, in una pulita asciuttezza ottocentesca, i "problemi naturali" della scuola galileana,
220 634 1519 694 e, appuntata di mano, di Vincenzo Viviani, una "scelta" di tali problemi che il Galileo
1531 619 1627 661 usava di
1516 636 1652 699 proporre.
216 716 1246 767 Sono appunti; commoventi nella loro brevità. Come quello che
1208 681 1249 736 a
1247 719 1665 776 Ragione de' funamboli". Dove
212 789 1638 847 si vede come il grande matematico amava sostare nella piazza, in giorni di festa e di fiera. Oppure:
235 864 1657 922 "Qual sia la ragione che le trottole o le ruzzole girate si mantengano ritte, e ferme no, una tra-
219 943 540 995 bocchino". E anche:
458 897 553 966 questo
545 945 1633 1002 L'uovo stretto fra le mani per punta non si rompe". Vi trapassa una
217 1016 1635 1076 sorta di serenità, un incanto della ragione, una verità penetrata nell'animo attraverso gli occhi
210 1096 1646 1154 del corpo, e destinata ad un luogo più lontano. Un riposo e una pace della materia, che hanno la
214 1169 1660 1225 loro parte, quasi, di felicità. Così mi toccavano, nelle vie della mente, le silenziose, le quiete scul-
220 1243 1648 1303 ture dello scrittore Brancusi. Anche esse per una tranquillità, come si raggiunge nella dimostrazione di
220 1318 1662 1384 un problema della natura fisica. Pure spaziando in un cielo, che è quello della volontà dello spirito,
208 1355 706 1410 dell'equilibrio dei sentimenti
208 1394 1639 1446 e della bellezza. (A che serve la Bellezza, in tempi come questi? Ma sono cose che non si
209 1472 503 1528 devono chiedere.)
213 1540 1659 1599 Non è facile, oltretutto, dare conto in che modo, un artista come Brancusi, affronti il proble-
205 1625 1633 1679 ma di assolvere e risolvere concetti e questioni, come quelli che sono contenuti in espressioni
209 1701 1642 1760 del genere. Per affrontarlo il vecchio scultore rumeno, figlio di scalpellino, s'è adoperato
244 1736 298 1786 per
218 1779 1662 1836 tutta la vita, che gli darò oltre a ottanta anni: con una umiltà, con un coraggio quoti-
224 1846 1662 1907 diano, con una dedizione al suo lavoro, simile ad una perenne meditazione spirituale, come si
218 1927 1649 1983 dice sia nella pratica degli eremiti e monaci della religioni d'Oriente. Un artista che poneva tutta la
