1798 2471
149 274 195 330 5.
139 412 1569 480 Parlando con gli amici usava riferirsi a concetti, a cui appoggiava la sua arte, e l'arte in genere;
133 488 1555 558 Come questi: "La beau c'est l'équieté absolue"; "Les choses ne sont pas difficiles à faire,
149 567 1571 632 ce qui est difficile c'est de nous mettre en état de les faire"; "Quand nous ne som-
147 641 1547 706 mes plus enfants, nous sommes déja morts". Oppure delle considerazioni di tecnica, che è
147 719 1535 787 poi l'arte stessa: "La taille directe c'est le vrai chemin vers la sculpture mais aussi le plus
145 793 1575 855 mauvais, pour ceux qui ne souvent pas marcher. Et à la fin, taille directe on indirecte
153 868 1587 932 cela ne veut rein dire, c'est la chose faite qui compete!" E quella che è come una confu-
141 942 1569 1010 sione, una parola di verità, detta agli uomini: "C'est de la joie pure que je vous donne ". Dove
137 1021 1575 1082 ritorna anche un pensiero di moralità religiosa, che si sprigiona dall'umile, profonda sostanza del-
136 1098 1081 1152 le cose reali. Tutto ritorna oggetto, materia raggiungibile collo
985 1056 1100 1110 con lo
1094 1092 1483 1148 lo spirito e con l'intelletto.
159 1168 1555 1236 Così i naturalisti del tempo galileano, e di quello seguente occupati, colla meditazione
145 1245 1563 1312 protratta della mente, in calcoli e misure fondate nella realtà delle cose visibili: l'incanto
141 1322 1553 1382 sottile, la sorta di illuminata suggestione che si trae dalle loro annotazioni, come apertura di
145 1396 1577 1460 infinita serenità e convinzione su di una prospettiva lunghissima della natura. Diceva e spie-
157 1472 1591 1542 gava il modesto problema di meccanica della Selva galileana: "Perché quando la ruzzola gi-
148 1547 1560 1604 rando velocemente in se stessa vien lasciata cadere, non va anche per aria innanzi, come fa poi
145 1624 1549 1698 quando è in terra? - Perché avendo aria di sopra e di sotto, né queste parti né quelle hanno
133 1698 1597 1768 dove attaccarsi, e non avendo occasione di andar più innanzi che indietro, cade a piombo".
196 1936 422 1997 16.5.1961.
