1798 2476
574 348 1008 413 L'Africa di Rimbaud
176 524 1574 583 Ci sono di quelli, tra gli uomini degni del nome di uomini, che ai momenti insormontabili
138 594 1540 657 dell'esistenza, e quando le condizioni dell'esistenza giungono alle       , al di là delle
152 675 1574 735 quali sembra sia o il minuto, o almeno la prospettiva di uno spazio infinito da affrontare,
130 750 1536 809 si piegano sui grandi libri. Non si vuole dire di gente arrivata alla disperazione: ma solo di
152 824 1562 891 qualcuno che ha visto naufragare speranze, fallire progetti, e prova una noia invincibile per
134 904 1580 963 il commercio dei propri simili. Anche gente comune, ma non troppo. uomini di fantasia, e di cuore.
150 975 1550 1033 Ne conobbi uno, ed era, o si dichiarava un ateo; era un autodidatta. Finito in carcere (è storia
146 1068 1550 1106 del principio di questo secolo), in conseguenza di un ideale politico, o sociale, anche morale: nei
145 1129 319 1179 lunghi
250 1108 310 1144 mesi
323 1123 1559 1179 di detenzione, non ebbe altra compagnia di quella di un libro, che un compagno, come si
142 1202 647 1256 dice, di fede, gli aveva
498 1186 636 1224 procurato
660 1200 1271 1252 Era il Nuovo Testamento. Non so che cosa
1110 1182 1430 1216 Chissà che riflessioni
1284 1197 1557 1250 ricavasse da quella
144 1280 1576 1341 lettura, e frequentazione quotidiana. Con noi, suoi famigliari, non gli piaceva di parlare. Solamente,
173 1330 235 1380 in
149 1356 1557 1415 occasioni più diverse, all'improvviso, gli veniva fatto di citare, con aria distratta, un passo,
151 1433 817 1483 un episodio, una frase di quel libro. In quella
746 1412 850 1444 Nella
821 1429 1551 1481 succinta citazione, in quel ricordo, sembrava voler
146 1520 1576 1562 cercare una conferma, o una spiegazione, di un pensiero suo che, ripeto, non poteva aver fondamen_
153 1581 852 1631 to in un principio, in un suggerimento
696 1562 850 1594 di ordine
861 1577 1564 1629 religioso. Semplicemente, poteva darsi che, di quella
156 1660 1548 1717 testimonianza, egli apprezzava la serietà, l'omertà delle proposte, e un incoraggiamento, oppure
152 1734 1518 1793 non so che cosa, per dare una spiegazione alla propria difficoltà, una risposta a domande sue.
172 1810 1568 1873 A me succede da molto tempo, da vent'anni almeno, che, ogni tanto, provo il bisogno di rileg_
154 1888 1556 1953 gere le lettere di Rimbaud dall'Africa. E' come cercare, in fatto di verità e di crudezza della
146 1954 1306 2019 vita, qualcosa che non la poesia, non la dolcezza dell'affetto, non l'armonia
1271 1925 1324 1975 del
1319 1956 1563 2010 bello e del buono.
