1798 2531
1529 361 1625 420 2.
214 522 1629 573 Al principio del nuovo secolo, la nazione italiana andava rassodando la sua forma
222 603 447 653 zione politica
433 573 521 607 ancora
450 593 1656 645 recente, non senza guardare e prendere ad esempio i progressi compiuti,
215 671 1641 731 in tale senso, dalle maggiori e più antiche nazioni europee: in ispecie Francia, Germa-
213 747 1635 805 nia ed Inghilterra. La professione, o mestiere, a cui noi si attendeva, con uno scru-
225 825 1643 885 polo e, perciò un'ambizione di progresso sociale, oltre che tecnico, aveva rapp-
231 899 1633 961 porti e, starci per dire, una inevitabile parentela e congiunzione con taluni mestieri
233 971 1627 1031 ad essa affini, e consaguinei: il muratore, il fabbro, il lattoniere, il ramaio
229 1049 1653 1111 il falegname, e talune speciali nazioni e diramazioni di codesti più generici: come
229 1122 1214 1197 il modellatore in legno, il fonditore di ghisa, il fornaciaio
1190 1122 1612 1174 di laterizi, il tornitore,
225 1199 1583 1259 il verniciatore. Il costruttore fumista aveva bisogno, di volta in volta, del lavoro,
217 1275 1609 1337 dalla prestazione di tutte queste diverse arti. L'attività della mia famiglia, e la mia
221 1355 1255 1413 esperienza nel riguardo, si sono svolte nella città di Bologna.
228 1429 1645 1490 Fin da ragazzo, come è naturale, ho praticato le botteghe e officine di codesti artigiani,
222 1510 1662 1565 osservandone, e apprezzandone le diverse caratteristiche di lavoro, e rispettandone l'inge-
224 1581 1220 1652 nuità e la perizia sempre sveglia, che di ogni arte facevano
1199 1571 1656 1630 un campo di specializzazione,
219 1656 1658 1716 di qualificazione tecnica. Così accadeva di rilevare come ad ogni diversa arte, corrispondeva,
227 1726 1660 1788 in certo modo, un temperamento, un carattere umano, e una sfumatura di progresso so-
234 1807 555 1889 ciale, che rendevano
517 1795 1646 1854 armonioso il complesso di tanti uomini nei diversi loro mestieri,
229 1878 1647 1945 e, si può dire, veramente civile la loro convivenza sociale. Mi ricordo, con discreta
223 1960 1662 2020 approssimazione, il luogo di tali botteghe ed officine esistenti nella mia città: di esse, quel-
228 2029 1651 2088 le almeno situate nella parte orientale della città, cioè nella strada e piazza intorno al quar-
