1798 2539
150 320 200 370 3.
137 484 1533 552 no, in cui una generazione, appena giunta alla maggiore età, stava perdendo ogni rapporto
137 568 1519 626 con la realtà. Ogni generazione, che ha la disgrazia, di venir fuori dopo un cataclisma
147 640 1523 700 come è la guerra, avrà la sua parte in una storia che nemmeno servirà mai. La società
133 715 1533 774 non si perde a illuminare gli anni del proprio movimento. A parte il tentativo di
135 789 1569 857 piantarci nel senso si una "poetica" dell'umano, che era la comune nostra aspirazione, era
133 864 1537 933 faticoso riprendere, o meglio: prendere per la prima volta il nostro posto nella società. Unica
141 938 1571 1007 cosa vera: avevamo già appreso a vivere vicino agli altri uomini. Questo sentimento, sottin-
133 1015 1561 1085 tendeva la partecipazione ad una ideologia discretamente sovvertitrice nell'ordine della cul-
137 1093 1511 1157 tura. Per questa ragione: per questa vocazione naturale ci eravamo già fatto un vangelo di
139 1170 1505 1233 Rimbaud, che compilavamo a fatica. Non erano le parole, le immagini, i suoni nella
137 1248 1531 1313 prosa di Rimbaud: era un nascosto, scontroso insegnante che cercavamo, un'indicazione,
151 1320 1531 1380 un     cenno che ci aiutasse a incominciare la vita. Non c'era ragione di chiedere altra cosa
133 1398 1571 1460 alla "poesia", a quella vasta realtà che noi chiamiamo la poesia, e che non aveva altro sa-
147 1474 885 1540 pore da quello che avevamo conosciuto alla vita.
162 1547 1571 1613 Con animo così disposto, attendevamo di mettere le mani sul nostro Lautréamont. Blaise
145 1628 1259 1685 Cendrars ci acconciò l'attesa: egli stesso ne provocò, e curò la ristampa
1183 1597 1298 1637 (1920)
1259 1626 1567 1680 presso le edizioni del-
135 1701 1571 1762 la "Sirène". Come in traduzione, veniva utilizzato lo scritto di Rémy de Gourmont. L'accento
143 1776 1559 1840 vi era messo sul visionario, sul patologico: "un génie         et même franchemente un
149 1865 1569 1906 génie fou". Se la chiave, oggi, può parere un poco arrugginita, tuttavia quando Gourmont
147 1945 1064 1981 la usava (1896) si applicava ancora ad aprire
971 1909 1061 1941 casse
1064 1940 1551 1980 di poesia maledetta. Tuttavia
149 2000 1565 2074 non mancavano, in quello studio, acutezze che i successivi scopritori di Lautréamont, non
