1798 2471
150 267 226 317 5.
150 424 1536 474 Colombo discorre con la voce pacata di chi trae le parole in un lento e lungo percorso, quasi
137 505 1581 561 che gli pesi di giungere alla conclusione dei pensieri. Conversare con garbo, con serenità,
128 577 1579 635 sul limite, sul filo di ragionamento che divide un'opinione dall'altra, sembra essere il tempera-
129 652 1583 716 mento di una natura che sta tra il bene e il male, senza troppa fiducia nell'uno né troppo orro-
141 728 1561 790 re per l'altro. Verità della vita è nella profondità delle passioni. Ma quando le passioni sono de-
157 804 1575 868 poste? Ci attendono mattini in cui il cielo, dentro la finestra, non ha più senso di un vetro opaco,
141 878 1579 940 di una tenda tirata. E le ore della giornata si annunciano indifferenti, uguali come i grani di un rosa-
133 952 1559 1016 rio. La gioventù, veramente, è finita. E questo sentimento ci sembra occupare ogni persona. Tuttavia
137 1030 1569 1088 il mondo si agita. Gli uomini inseguono disegni ambiziosi di dominio. I loro sogni si fanno vio-
147 1107 1583 1170 lenti. La potenza dell'orgoglio si spinge ai limiti della crudeltà. È la natura stessa che sembra incerta,
143 1198 1561 1237 non sicura del proprio equilibrio. L'uomo, allora, assiste, o ha paura della verità, che è in fondo ad
146 1261 1396 1314 ogni cosa. Gli basta sapersi ingranaggio, particella infinitesimale della          che
1381 1217 1530 1273 navigherà
1410 1257 1589 1309 viaggerà nello
153 1335 1581 1399 spazio, inviata alla conquista di astri, di mondi ignoti. Di certo, non conoscerà l'incertezza ma-
135 1411 1053 1477 linconica, l'affabile disincanto del navigatore di Leopardi.
241 1945 471 2005 25.4.1961
