1798 2427
179 465 1619 532 e non è stato cosa da poco, trovati i cammelli, trovati i negri per la scorta, Labatat muore di cancro
179 546 1557 614 quasi all’improvviso. Ricerca di un nuovo socio: tale Soleillet, praticissimo dei luoghi e già
181 631 1612 683 in rapporto con Memelick. Nel settembre, per una strada di Aden, Soleillet cade, colpito da paralisi.
177 697 1615 762 Presagio sinistro. Al colmo dell’ira disperata, Rimbaud decide di compiere da solo la spedizio-
179 774 1611 836 ne. Al principio di ottobre, cavalcando in testa alla carovana, egli apre la marcia. Il viaggio da Ta-
180 853 624 909 giura a Ankober, durato sei
599 818 694 876 quattro
634 851 1616 907 mesi, ha qualcosa di mitico e apocalittico. Attraverso il deserto dei
179 927 1603 990 Dankali, per “strade orribili, che ricordano l’orrore presunto dei paesi lunari", tra di-
185 1000 1599 1064 stese infinite di blocchi di lava nera, sotto un cielo bianco di calore. A metà strada, il la-
193 1076 1619 1142 go Assal: una figurazione di orrore e di spavento infernale. Una cavità enorme, profondissima,
175 1153 1597 1217 in cima alla quale galleggia il sole, aspirando l’umidità. Così le rive delle cavita sono di sale.
181 1230 1599 1291 Le giornate, le settimane passarono, come dentro il fuoco eterno. Precipizi, fiumi a guado, cadute
175 1306 1597 1373 massacranti. Avvenuta la consegna a Menelick, iniziarono le penose pratiche del pagamento.
179 1384 1613 1443 Rimbaud ritorna ad Harrar, dove il Ras Makonnen gli regola l’acquisto dei fucili. Si
169 1458 1609 1518 dirige di nuovo verso il Mare. Di nuovo a Aden, col suo magro capitale. È          il luglio
173 1533 1623 1601 1887. In cerca di riposo, e di sosta dall’angoscia lenta che ormai occupa il suo animo, Rim-
187 1616 1623 1669 baud si reca al Cairo. Nella breve calma si osserva, e giudica la sua vita. Si sente e vede vecchio.
176 1689 1607 1748 “J'ai les cheveux absolument gris. Je me figure que mon existence perèclite" (23 agosto
161 1762 1613 1830 ‘87). Stanco, deve portarsi addosso la cintura con dentro i suoi 16.000 franchi. “Ça pese une hui-
175 1835 1625 1905 taine de Kilos et ça me flanque la dysenterie".  Cammina, trascinando il metallo dispera-
178 1917 1602 1967 to, come un castigo. Ed è subito a Aden, dove ancora sogna e progetta traffici e commerci
163 1995 293 2055 illusori.
