1798 2479
173 282 223 339 11.
176 451 1586 513 vaio. Tutto avveniva nello spazio esiguo di due camere. Qui venivano, in quel tempo, con Vincen_
149 529 1591 592 zo Cardarelli; qui incontrai, la prima volta, Giuseppe Ungaretti, che in una breve licenza dal fronte,
165 602 1583 664 saliva di corsa le scale di via Vivaio, e, spalancando la porticina a vetri di quel modesto ap_
173 679 1589 747 partamento, gridava in trionfo:" Oh, Carrà ti ho portato un pacco di toscani". Erano i siga_
171 756 1567 823 ri, legati da un nastrino tricolore, che si ditribuivano ai soldati in guerra. Era, per Carrà, il
171 833 1591 903 periodo più intenso della sua "pittura metafisica", che aveva fatto seguito repentinamente, e spes_
155 906 1577 972 so si era sovrapposto e incontrato, con quello della sua arte, dopo la scadenza futurista, tramite
153 984 1583 1048 in questo modo all'insegna di un neo-primitivismo, cui sovrastavano, ad eguale distanza,
151 1064 1583 1123 le immagini di Giotto e quelle di Rousseau il Doganiere. Difatti,fu, in quella mostra di Corso
173 1138 1571 1200 Venezia, e poi fu nello studio di Carrà, che vedemmo la grande tela dei "Romantici", e la sedu_
175 1214 1557 1272 cente, struggente commozione romantica "La Carrozzalla". Poco lontano, nello stesso luogo,
163 1289 1577 1354 posavano in attesa di essere frequentemente controllati dall'occhio del pittore, altri dipinti,
171 1365 1579 1422 le cose migliorei, quelle più rinomate del nuovo periodo "metafisico". Ed erano: Le già ri_
171 1437 1545 1499 cordate Gentiluomo ubriaco; La camera incantata; Il dio Ermafrodito, chiamato in seguito
171 1511 1593 1577 l'Idolo Ermafrodito; Madre e figlio; Solitudine; La lunga metafisica; La Natura morta
175 1590 1541 1652 con la squadra; Penelope; Il cavaliere occidentale. E' già, nell'anno seguente, il 1918,
169 1665 1567 1726 Carrà, stava impiantando, dentro lo spazio allungato della tela rettangolare, l'idea plastica
159 1740 1583 1803 che furono le "Figlie di Loth". Essendovi ignote le ragioni di "macchina" in senso classicheggian_
157 1819 1595 1879 te, e ogni suggestione di museo, l'impresa pronta solo verso una riuscita poetica in pit_
161 1902 252 1956 tura.
181 1968 702 2025 Del resto, dello stesso dell'anno '19,
681 1918 779 1967 basta
719 1973 1600 2029 la Natura morta metafisica, quella con il busto di gesso,
