1798 2471
509 299 1011 351 Un dialogo di Leopardi
149 486 1523 553 L'ora di pace, nel pomeriggio di domenica, è di una dolcezza, di un incanto generoso,
135 561 1529 623 che si teme, quasi, di non meritare. Tutto della vita corse via rapido, distratto, per cui,
139 638 1543 705 a volte, ci volgiamo a giudicare fino a quando lo spettacolo può durare. Questo è un angolo
137 712 1555 773 tranquillo, in un lato della città vecchia, fra strade comode, e altre più esigue, che sboccano
141 799 1547 846 in piazza, dove il cielo s'appoggia, in riposo, su cupole verdi di chiese. Vorremmo che queste
138 867 545 922 ora, questa cara domenica
479 845 611 879 di Aprile
562 867 747 919 non finissero
717 849 797 881 tanto
759 859 1569 914 presto. I segnali dal mondo sono inqueiti, i presagi<lb/>
148 936 1587 1003 tempestosi, e opprimenti. Che cosa insegnano gli uomini, che non stanno più fermi in un pensiero?
137 1017 1553 1078 Non è, spesso, l'orgoglio di una perfezione civile. Piuttosto il bisogno di conoscenza, di una realtà,
129 1091 1563 1157 di una verità, che essi cercano lontano, nello spazio. L'uomo è preda dell'azione, dove ha riposto
133 1179 1555 1229 ogni stimolo di speranza. La realtà, così si       e la verità, sono da scoprire e affrontare
139 1240 1454 1301 ora per ora. Gli uomini non cercano più la speranza. Volano nello spazio: credono di
1377 1215 1533 1249 dominarlo
1460 1238 1574 1292 vincerlo
147 1319 1573 1381 con macchine spaventosamente perfette. La speranza non è più in loro, è nelle cose. Così il cir-
133 1405 533 1461 colo non si chiuderà mai.
147 1473 1563 1539 Sono passat molti anni. In un giorno di abbandono, come questo, leggevo un poco la prosa di<lb/>
147 1547 1557 1608 Leopardi. E, come questo, era un tempo in cui luci, o fantasmi di luci inquiete segnavano
145 1621 1555 1685 il cielo all'orizzonte dell'esistenza umana. Sono presagi, come quando, in un tramonto di
147 1699 1579 1769 primavera, il cielo promette tempesta. Avevo sostato alle pagine del Dialogo di Cristoforo Colom-
139 1775 1575 1837 bo e di Pietro Gutierrez. E mi perdevo, fantasticando, dentro il significato, e quasi l'eco di indi-
147 1848 1571 1919 cibile sospensione, e di malinconia, che è nelle parole leopardiane. Dove sembra sempre di cogliere
133 1925 1587 1991 un senso di incertezza, che si prova all'improvviso cambiamento di una stagione. Non si sa mai che
