1798 2479
1562 272 1615 324 8.
205 456 1633 513 una qualità di morale, appunto a incominciare dall'ideologia nietzciana, che affondava,
197 531 1633 596 le sue radici in un concetto della Verità, che è uguale ad un concetto-dilemma della Bellezza.
201 607 1631 665 Carrà, più a fondo di Boccioni, recò alla legislazione futurista l'apporto di una cultura,
211 684 1625 744 divenuta mondo e regola di vita, appoggiati, guidati da un'educazione di tale genere.
217 757 1631 818 Una regola morale di vita estetica che indicava  un'adepto, della forte struttura di Carrà,
211 836 1615 896 a passare, con impavido pensiero, dalla frequentazione della "Gaia Scienza", di "Al di là
197 910 1617 970 del bene e del male", e dalle altre opere di Nietzche, ad un'ordinata lettura della Bibbia,
205 988 1631 1043 in un'anticipata conoscenza delle "favole" del Vecchio Testamento. E poco dopo, ad una
209 1059 1633 1118 lettura, e quasi direi meditazione, fatta con animo ilare e ironico, dei dialoghi platonici. Per
211 1136 1611 1204 questa strada, abbastanza accidentata, il pittore e poeta, l'inventore, in certo modo, di
201 1213 1601 1274 miti platonici e figurativi: Carrà, doveva giungere allo studio, ad un'attiva conoscenza
201 1305 1619 1343 del Leopardi delle "Operette Morali". E' da non trascurare per la giusta intelligenza
195 1362 397 1416 del lavoro:
283 1345 395 1377 di Carrà
404 1364 1635 1418 del lavoro pittorico, oltre che critico e letterario, un profilo che abbia gli sviluppi
211 1441 1623 1502 e le curve di una costruzione intellettuale di tale complessiva, da riferirsi a dei cardini che
203 1519 545 1575 si chiamano: Nietzche,
528 1473 567 1525 il
557 1511 1155 1573 Vecchio Testamento, Platone, Leopardi.
217 1587 1627 1650 dentro gli scomparti creati da codesti pilastri, negli spazi ad essi interposti, andavano
211 1661 1605 1722 a collocarsi il frutto e il sugo di letture, di consumazioni fruite sul banco medesimo, in
215 1736 1631 1802 cui l'avventuroso Carrà tentava le sue prove come cantasse di prose liriche,di prose di medi_
213 1815 1609 1874 tazione e di poesia vestita in abiti da lavoro. Ancora una volta dobbiamo ricordare
201 1893 1647 1954 la "Voce" la rivista fiorentina, nata dalle ceneri calde di "Lacerba", futurista per così dire. Nel
209 1966 1633 2024 componimento citato poco prima, e in altri di eguale portata e calibro, gli ingredienti letterari
