1798 2427
186 477 608 529 rar caffè, pelli, gomma
563 440 677 483 avorio,
615 479 1565 534 ecc. Ha deciso di fondare un’agenzia in codesta regione.
163 550 1607 611 Monsieur Barbey l’offre a Rimbaud, con uno stipendio di 330 franchi mensili, più
179 626 1607 683 il vitto, le spese di viaggio. Il contratto durerà tre anni. In vista di questa sistemazione, e
171 700 1627 767 del campo di lavoro assai vasto che gli si apre, Rimbaud sollecita dalla famiglia l’invio dei fa-
169 780 1631 841 mosi libri tecnici. I suoi “nuovi autori"! Dell’editore Lacroix, rue des Saints-Pères, à Paris: <lb/>
212 863 685 917 Traité de Métallurgie, 4 fr.
201 934 869 993 Hydraulique urbaine et agricole, 3 fr.
207 1010 905 1064 Commandant de navires à vapeur, 5 fr.
205 1082 675 1145 Architecture navale, 3 fr.
211 1164 679 1216 Poudres et Salpêtres, 5 fr.
205 1238 571 1295 Mineralogie, 10 fr.
205 1316 813 1371 Maçonnerie, par Denanet 6 fr.
190 1390 1630 1444 Livre de poche du Charpentier, 6 fr. Ai quali bisogna aggiungere, dalla Librairie Ro-
187 1472 257 1522 ret:
211 1542 583 1601 Manuel du Charton
203 1615 569 1673 Manuel du Vanneur
211 1694 835 1750 Le parfait Scrivrier, par Berthant.
205 1766 1625 1825 Exploritation des Mines, par J. E. Blanc. E ancora i Manuali: du Verrier, du Brique-
171 1840 1615 1899 tier, du Faïencier et Potierz, du Fondeur en tous métanor, du Fabricant de bon-
185 1918 1617 1982 gies. E la Guide de l’armarier. Come si vede, tutto l’armamentario occorrente al pio-
183 1993 1621 2053 niere, all’esploratore, al colonizzatore. Al portatore della civiltà di tipo europeo. Chi si
