1798 2471
136 306 179 358 3.
133 417 1507 479 ad una cordicella. Le          posano, ritte ad una parete , della baracca. Fu così, cogliendo
129 491 1543 557 quello sguardo smarrito, che una sera noi offrimmo alla signora della Pista qualche colpo al
139 567 1533 627 Tiro. Disse: -“Mi piace di tirare ai fantocci.”- Poiché v’erano, in un rango dietro
129 643 1535 705 le pipe, alcune teste di legno. Si doveva mirare ad un disco dipinto, che sporgeva dalla testa.
137 721 1555 779 Tutti e tre, - era ormai l’ora della chiusura, passammo alla baracca del tiro. La signora si
131 797 1557 855 dimostrò, nell’esercizio, più esperta di noi. Il mio amico, chiassoso, si disperava. Conti-
135 869 1555 931 nuò, da solo, a sparare. Il piccolo romagnolo si ridestava nei ricordi delle battaglie d’infanzia
137 947 1553 1011 fra ragazzi. Gridava ancora: “Signora, lei deve scommettere con me. Mio nonno era un gari-
133 1024 1559 1083 baldino… “, quando già la ragazza era rientrata nel suo recinto. Ringraziava, lieta, della nostra
129 1101 935 1157 offerta. Divenimmo frequentatori assidui della pista.
155 1175 1553 1233 A parte che il giuoco accendeva quel fuoco d’allegria nel mio amico: quel suo viso
142 1251 1549 1305 grigiastro di ragazzo inquieto dove scoppiava una felicità tenuta compressa. Nel suo
1470 1216 1555 1268 corpo,
1551 1256 1571 1307 ,
141 1325 1555 1385 nei gesti delle mani, nella ressa di parole avventate, risorgeva la visibilità degli uomini di Ro-
133 1401 1547 1461 magna, la violenza campagnola dei mercati, delle contrattazioni al sole, sulla          di strade.
153 1481 1575 1539 Fantasia, bizza e umore, che si fanno rancore, baruffa, brevi come il fuoco di paglia. Dopo,
133 1555 1551 1609 rimane un poco di fumo. Il suo viso allungato, sotto il ciuffo spavaldo, sentiva di quel fumo. E
135 1631 1531 1689 io mi lasciavo attirare dall’impeto di sensi dell’amico. E di sentimenti confusi.
133 1706 1569 1763 Solo che la ragazza, è probabile, piaceva ad ambedue. Io, più cauto; e quasi volendo volgere
133 1781 1579 1843 in ischerzo e divertimento i trapassi di un avvenimento, che teneva, nel suo modo, sbozza-
139 1869 1559 1911 to appena, dell’idillio. E non v’era, forse, che lo sfondo di una notturna fantasia, di una scossa
143 1917 211 1951 ento
142 1929 1143 1981 cui muovere i primi tratti di una novelletta sentimentale.
