1798 2539
1580 289 1629 340 4.
221 491 948 556 Cavatolo di colpo, lo guarda con aria appena
939 457 1087 497 scontrosa
948 483 1620 548 offesa, impaziente. Lo butta, non per terra,
217 579 1613 634 dietro la stufa, dove nonno lo può per ora percuotere. Non persuaso di quella veste, che
224 636 1233 703 non si conosceva, cammina avanti e indietro, mentre la
1099 627 1225 655 madre
1244 633 1626 687 , la nonna, le zie commen-
229 717 1637 787 tano e ridono. Si ferma davanti al cugino, che come sola concessione alla festa dei grandi, ha
222 792 894 848 accettato di portare il cappellino stando
737 774 929 800 romantico
896 782 1628 842 carta: e, fissandolo a lungo, ha l'aria di
222 877 617 931 giudicare da quello
533 863 611 894 della
624 860 1637 924 parte che egli sta giuocando. Poi, si vede nella specchiera. Guar-
235 948 1603 1010 da, incerto, scontento. Prende la via, sparisce non so dove. La giovane mamma, fra le
229 1018 1621 1089 sorelle, stringe in mano la maschera, che neppure ha provato di mettere in viso al suo
233 1112 523 1169 piccino. Ridono.
253 1183 1625 1233 Ed ecco la bambina. L'ingresso nella stanza è festoso, denso di un'armonia
229 1260 1617 1315 in cui si fondono la felicità dell'infante per un atto tanto inconsueto, una
1513 1221 1635 1255 nuvola
237 1336 1637 1385 lieve di pudore femminile, la prima vanità di sentirsi ammirata. L'abito d'arlec-
235 1400 1082 1459 chino, nella sua foggia        bizzarra
923 1379 1091 1413 e irreale
1113 1388 1614 1445 sottolinea l'armonioso
1500 1369 1581 1405 passo
229 1487 1619 1538 di quel piccolo corpo di donna. La madre la segue con gli occhi, stando in mezzo alla
230 1559 726 1615 porta: come la osservasse
621 1531 745 1565 a fare
739 1545 1609 1609 il primo passo nella vita. Non è che per divertimento,
231 1628 1631 1705 per convincere i nonni. Il fratellino la guarda, rallegrato in silenzio. Si avvicina
237 1704 1640 1781 a lei, la sfiora nelle toppe a colori. Le accarezza. Le zie e la nonna, a turno, loda-
235 1776 1647 1850 no la foggia, la cucitura dell'abito inconsueto. Anche loro, si direbbe che abbiano il
241 1855 1659 1927 sospetto di una grazia acerba, di un anticipo di dolcezza, sprigionati da quel dise-
245 1932 1137 2005 gno a mandorle, da quell'abitino di pezzi colorati.
265 2013 767 2072 Il cuginetto: il fantolino, che
760 1999 803 2031 ha
778 1996 1672 2064 appena un anno di vita, si avvicina alla bambina. Ha ap-
