1798 2531
166 353 216 403 3.
157 511 365 570 tiere
269 484 351 515 dove
369 512 1052 563 abitavo, e i miei famigliari avevano officina.
161 597 1073 647 Dei mestieri ricordati: i quali hanno attinenza col lavoro
1062 556 1123 593 del
1080 596 1576 646 muratore e costruttore di case,
137 671 1574 721 i fabbri erano quelli in maggior numero. In un raggio di appena mezzo chilomentro, da
1492 650 1575 685 centro
151 746 1575 795 alle Due Torri, partendo, mettiamo dalla piazzetta del Teatro Comunale, risalendo la via Pela-
143 820 1547 873 cani, la piazza Aldrovandi e la via Guerrazzi, su su, per via Rialto, per il Cestello
151 896 1577 945 fino alla piazza dei Tribunali, o ritornando per via Castiglione fino alle Due Torri, non so
145 978 1569 1021 contare quante fossero le botteghe dei fabbri. Erano molte, spesso affondate dentro stamber-
145 1047 804 1097 ghe buie: vecchi magazzini, o scuderie
705 1021 842 1060 smesse
805 1045 1547 1098 sul retro di antichi palazzi. Quasi sempre, con lo
141 1123 1587 1179 sfogo verso un cortile interno, o verso la strada: dove si svolgeva il lavoro più ingombrante, come
147 1198 1569 1253 i telai in ferro di mostrini, armature di porte, insegne di bandone. La classe dei fabbri, si di-
141 1278 1569 1327 videva nella sottospecie, qualificata dalla specialità: fabbro carrozzaio, che lavorava nelle parti
133 1350 1543 1405 metalliche di carrozze,   di carri, di barrocci; come le balestre, gli assi, cerchioni di ruote,
143 1437 1543 1477 staffe, anelli, ramponi. Le quali parti erano cavate, a furia di fuoco e di mazza, da
135 1507 545 1559 barre, da strisce di ferro.
541 1475 687 1509 Trovavi
568 1495 1573 1554 facilmente un carrozzaio in viuzze e stradine, prossime
141 1580 1569 1631 agli stallatici e rimesse dei corrieri: nella Posterla, in vicolo Bianchetti, in Cantarana, dovun-
151 1654 1553 1707 que bazzicano stallieri e loro cavalli. S'intende che il carrozzaio era spesso (non sem-
149 1730 1573 1783 pre) anche mastro ferraio. Cavalli da tiro o da carrozza s'infilavano, tenuti per la briglia dal
149 1804 1539 1855 barrocciaio o dal cocchiere, dentro gli androni pieni di fumo, e ne sortivano, nitrendo, battendo il
143 1881 997 1935 ferro ancora caldo, e mandando l'odore di carne bruciata.
165 1961 1581 2005 Fabbri da chiavi, o chiavai, o magnani, ce n'era uno, con la botteguccia dentro la base della
149 2024 1575 2086 Torre Asinelli. Serviva la clientela dei palazzi di via Zamboni, di San Vitale, di Strada Mag-
