1798 2479
168 286 198 346 8.

173 450 260 510 meglio
286 451 449 511 assimilati,
463 450 607 510 trasformati
638 449 663 509 in
686 447 801 507 sostanza
818 447 837 507 di
863 447 973 507 cultura,
982 447 987 507 e
1007 448 1060 508 fatti
1083 447 1229 507 siemergere
1252 446 1314 506 alla
1334 446 1381 506 luce
1404 444 1460 504 sotto
1486 445 1559 505 forma

168 528 185 588 di
209 525 280 585 nuovo
298 523 436 583 materiale
466 522 583 582 poetico,
595 521 757 581 oletterario,
766 521 1032 581 hancnoriferimento
1055 523 1093 583 con
1111 523 1155 583 una
1176 523 1285 583 tastirie
1312 522 1462 582 dimotivi,
1477 518 1512 578 che
1533 523 1571 583 vea-

163 604 222 664 dalla
242 603 453 663 "Illuminations
476 602 495 662 di
518 602 681 662 Rimbaud,
696 601 701 661 e
730 601 800 661 dalla
817 601 910 661 Saison
930 601 955 661 en
975 599 1068 659 enfer,
1079 599 1144 659 agli
1161 599 1324 659 esperimenti
1353 597 1389 657 da
1415 602 1581 662 atelier-di-

164 683 235 743 parole
254 679 278 739 di
308 680 413 740 Foffici,
425 679 467 739 già
492 679 518 739 in
528 679 591 739 vena
606 678 630 738 di
651 675 744 735 ripetere
762 675 807 735 qui
835 674 852 734 il
871 675 1024 735 tentativo"
1027 673 1295 733 ideogramnatico"
1301 671 1307 731 e
1334 671 1569 731 calligrammatree

163 761 193 821 del
221 758 315 818 francese
340 752 548 812 Apollinaire;
571 749 593 809 al
615 749 814 809 ritrovamento,
823 749 831 809 e
854 749 973 809 scoperta,
990 748 1028 808 del
1056 747 1175 807 miracolo
1209 745 1328 805 misnurale
1359 745 1428 805 lirico
1456 745 1536 805 recato

163 831 201 891 con
222 830 294 890 mani
311 827 463 887 innocenti,
474 827 517 887 dal
539 826 694 886 romagnolo
719 826 858 886 appesico
890 825 952 885 Dino
971 825 1131 885 Campana.
1159 825 1161 885 E
1188 826 1223 886 più
1247 824 1349 884 avanti,
1357 824 1378 884 in
1395 825 1461 885 ordine
1481 825 1502 885 di
1518 826 1587 886 tempo

152 907 310 967 incalzante,
324 905 346 965 in
365 905 432 965 quegli
454 905 515 965 anni
534 905 556 965 di
577 903 666 963 guerra
688 905 774 965 1915.
790 905 868 965 1916,
884 904 924 964 con
946 903 978 963 gli
1000 903 1104 963 esempi
1137 903 1158 963 di
1180 901 1228 961 una
1258 900 1414 960 letteratura,
1420 899 1438 959 di
1457 899 1519 959 tono
1546 903 1578 963 all

153 982 222 1042 mente
248 981 349 1041 moderno
378 982 395 1042 ed
418 981 533 1041 eeropro,
545 983 623 1043 offerta
649 982 715 1042 dalle
741 981 802 1041 prose
819 980 842 1040 di
862 980 972 1040 piecenzo
992 977 1131 1037 Cardarelli
1151 976 1156 1036 e
1183 974 1298 1034 Riccardo
1318 974 1462 1034 Dacchelli.
1480 978 1528 1038 Quei
1543 981 1586 1041 can-

152 1057 286 1117 posimenti
310 1057 329 1117 di
358 1057 450 1117 Carrà,
458 1056 490 1116 che
524 1056 537 1116 ci
556 1055 711 1115 anguriamo
733 1053 846 1113 vengano
870 1051 1015 1111 riesumati
1042 1049 1105 1109 dalle
1132 1048 1213 1108 pagine
1235 1048 1287 1108 della
1303 1050 1393 1110 sivista
1407 1050 1554 1110 fiorentina,
1559 1052 1575 1112 si

156 1131 301 1191 chiamano,
311 1130 359 1190 oltre
372 1129 388 1189 il
417 1130 456 1190 già
479 1131 594 1191 citato:–
608 1129 640 1189 La
663 1127 721 1187 trosa
734 1127 789 1187 delle
818 1127 937 1187 volontà;
954 1125 1015 1185 Notte
1038 1125 1177 1185 cristiana;
1190 1124 1303 1184 Madre
1319 1125 1374 1185 prela
1397 1126 1545 1186 primaverito

168 1212 188 1272 Le
219 1211 356 1271 parentesi
373 1210 485 1270 dell'ix;
507 1208 516 1268 a
538 1207 577 1267 cui
600 1206 614 1266 si
631 1205 712 1265 devono
734 1207 869 1267 aggiungere
891 1205 936 1265 due
959 1205 1028 1265 scritti
1062 1205 1087 1265 di
1110 1203 1289 1263 importanza
1315 1203 1424 1263 decisiva
1441 1205 1480 1265 per
1494 1205 1578 1265 l'opero

154 1286 176 1346 di
198 1285 269 1345 Carà
287 1283 395 1343 pittore:
420 1283 452 1343 La
474 1281 581 1341 parlata
607 1283 632 1343 su
654 1280 746 1340 Giotto,
761 1281 772 1341 e
801 1278 879 1338 Paolo
898 1276 991 1336 Uccello
1013 1277 1156 1337 costruttore.

176 1364 203 1424 E,
209 1363 272 1423 nella
286 1361 414 1421 struttura
439 1360 460 1420 di
491 1359 553 1419 detti
587 1361 827 1421 compossimenti,
841 1361 1016 1421 l'impiego
1044 1359 1066 1419 di
1093 1357 1194 1417 sistemi
1222 1358 1348 1418 verbali,
1359 1360 1378 1420 di
1397 1361 1479 1421 forme
1504 1367 1586 1427 espres:

151 1441 230 1501 sive,
235 1441 239 1501 e
264 1441 286 1501 di
309 1441 363 1501 una
387 1442 525 1502 gemetria
558 1443 776 1503 grammaticale
796 1444 830 1504 che
853 1444 944 1504 ancoro

931 1406 975 1466 nos

996 1439 1095 1499 hanno
1117 1440 1213 1500 smesso
1237 1440 1266 1500 di
1288 1441 1438 1501 utilizzare
1462 1442 1558 1502 gliespe.

163 1515 243 1575 dienti
263 1515 269 1575 e
287 1516 295 1576 i
312 1516 393 1576 mezzi
431 1514 534 1574 proprò
572 1511 742 1571 dell'estetica
765 1508 921 1568 futurista:
941 1509 1002 1569 come
1028 1509 1158 1569 sarebbero
1184 1509 1206 1569 la
1230 1507 1457 1567 scomposizione,
1478 1508 1498 1568 la
1521 1511 1558 1571 ri-

169 1591 292 1651 frazione
314 1590 341 1650 di
369 1589 440 1649 nessi
465 1585 654 1645 sentimentali
684 1585 777 1645 dentro
813 1583 835 1643 la
862 1584 955 1644 librera
977 1584 985 1644 e
1010 1585 1136 1645 misurata
1158 1585 1377 1645 ricostruzione"
1386 1584 1421 1644 da
1449 1584 1536 1644 zero"

179 1663 211 1723 che
245 1661 377 1721 regolava
407 1661 473 1721 ogni
497 1661 653 1721 intrapresa
677 1658 809 1718 dell'arte
834 1660 990 1720 futurista.
1008 1659 1062 1719 Arte
1089 1659 1230 1719 figarativa
1258 1658 1263 1718 e
1297 1659 1381 1719 poesia
1399 1659 1534 1719 letteraria

176 1739 321 1799 tendevano
342 1741 356 1801 a
382 1741 501 1801 foredersi
521 1739 664 1799 insieme,
676 1737 687 1797 a
707 1736 890 1796 calamitursi
916 1735 924 1795 a
941 1735 1075 1795 vicenda.
1092 1735 1098 1795 A
1141 1735 1238 1795 Legarsi
1255 1735 1280 1795 in
1298 1735 1337 1795 un
1355 1734 1463 1794 legame
1486 1733 1551 1793 stretta

161 1818 231 1878 quasi
258 1813 279 1873 di
305 1811 402 1871 natura
429 1811 567 1871 vegetale,
579 1811 641 1871 come
662 1809 753 1869 talune
780 1808 876 1868 piante
900 1807 968 1867 nella
989 1809 1106 1869 foresta.
1124 1809 1256 1869 Giocano
1280 1809 1300 1869 le
1321 1809 1462 1869 immagini
1483 1809 1489 1869 a
1504 1809 1598 1869 rimbar-

163 1900 243 1960 zare,
256 1900 317 1960 come
341 1900 361 1960 la
392 1900 461 1960 palta
485 1900 507 1960 di
528 1900 652 1960 gomma,
660 1900 811 1960 lasciando
840 1900 865 1960 in
888 1901 965 1961 aria:
997 1901 1042 1961 cioè
1071 1901 1104 1961 nel
1130 1901 1181 1961 cielo
1205 1901 1261 1961 della
1289 1901 1379 1961 pagina
1403 1901 1510 1961 bianca,
1526 1901 1574 1961 una

154 1975 203 2035 scia
225 1975 246 2035 di
274 1975 365 2035 colore.
387 1975 464 2035 Elissi
485 1974 504 2034 di
529 1974 716 2034 immagini:
738 1973 789 2033 cioè
814 1973 838 2033 lo
861 1973 946 2033 stadio
974 1972 1146 2032 intermedio
1174 1972 1207 2032 fra
1236 1971 1343 2031 l'idea
1368 1971 1429 2031 della
1447 1971 1465 2031 re
1481 1971 1539 2031 altà
