1798 2479
170 271 225 321 5.
157 462 1583 519 ripensarli, oggi, così a distanza, mi pare che questa figura, questa testa, e la suggestione
149 538 1581 593 e quasi il mistero che si sentono affondati e irraggiungibili, questo "oggetto" degno di medi_
139 611 1575 668 tazione e di lenta osservazione, cosparso alla superfice di qualcosa come una malinconia im_
167 687 1573 754 ponderabile, - questo misterioso "Gentiluomo ubriaco", resti nel tempo e nella memoria col
175 761 1551 824 peso inevitabile di uno di quei sassi, o massi di sasso, in cui il genio particolare di
177 839 1583 900 Costantino Brancusi, lo scultore rumeno, da cui si può dire che incomincia una "nuova scul_
157 913 1579 976 tura, ha saputo vedere e rivelare alla luce della vita,una testa, un volto umano, spingendolo, si
165 993 1567 1051 può dire, fino all'orlo del sorriso. Peccato che, in quei lontani anni, Carrà, probabilmente,
167 1069 1569 1125 non aveva conoscenza dell'opera di Brancusi. E' stato un tempo, quello, in cui artisti, come
157 1141 1579 1200 ricercatori solitari, si applicarono a comporre sule proprie tele un'armonia di spazi, una
157 1221 1553 1276 musicale proporzione di volumi,          ogni cosa, di quanto avevano fra le mani, più
155 1295 1587 1354 col bastoncino del pennello, con un rigido pensiero, con un lampo silenzioso, che s'appoggiava tra
151 1371 1559 1426 l'orlo dell'occhio e una pacata ansia del cuore. La poesia, di alcuni poeti italiani, stava loro
147 1448 607 1502 dappresso. Quel tempo è finito.
179 1519 1553 1576 Il lavoro pittorico di Carrà si è svolto, in ogni momento, come la messa in pratica di una
155 1595 1575 1652 riflessione e di un'indagine, incominciata una volta, e continuata senza interruzione fino
163 1671 1591 1732 ad oggi. La riflessione di un tale pittore non va senza un accompagnamento o applicazione scritta.
157 1747 1587 1810 Come si sa, Carlo Carrà, è stato uno degli scrittori "importanti"della nuova letteratura italia_
161 1820 1585 1885 na. Basterebbero, a dimostrarlo, gli scritti in prosa, ma di un tono pittosto lirico nell'imma_
149 1900 1593 1963 ginazione, pubblicati nella "Voce", la rivista letteraria fiorentina, negli anni 1915 e 1916, e in alcune
155 1978 1595 2032 riviste d'avanguardia degli di fine guerra: 1917,1918,1916; cioè "La Brigata" e "La Raccolta"
