1798 2471
123 283 172 333 5.
143 412 1543 476 di fare... la ragazza è ben contenta a parlare con noi... con della gente educata... bella gente
145 486 1561 550 civile.. pezzo di somaro.. e magari avrà anche le corna.." Osservai con calma: ".. sola-
143 562 1551 622 mente non le avrà da noi..." E cercavo di ridere. Eravamo fuori, per accendere la sigaretta,
133 638 1551 700 sotto il portico, dov'è un vecchio albergo. Sentivo l'ira rigirarsi nel suo piccolo corpo. Voleva dire
147 715 1567 782 qualcosa; e disse brontolando: ".. sarebbe bene.. queste altre sere, vorrei andarci da solo.." In-
131 792 693 872 tendeva, a rivedere gli automobilini,
668 792 1572 844 e tentare il bersaglio di fantocci. Non trovai da replicare. Eravamo
129 864 1563 927 davanti al caffè. Guardavamo dentro. L'amico giornalista ci fece un cenno. Entrammo, spingen-
129 942 1535 1002 do la porta girevole. Io davanti, l'amico dentro. Amavo, e infuriato nel profilo giallastro. Mi
129 1016 1539 1080 toccò sulla spalla." Non le dispiacerà, mi disse; lei mi capisce.. è solo una storia così..." Dissi
137 1092 1571 1156 che capivo, capivo bene. E aggiunsi: "Stia tranquillo, non ci pensi; e buona fortuna..." Il giorna-
141 1167 1543 1234 lista, teneva un libro aperto, sul tavolino di marmo. Ci salutò con il gesto della mano, cordiale. Si
135 1245 1553 1304 toglieva gli occhialini dal naso, passandosi una mano sugli occhi. "Andiamo, andiamo", diceva.
145 1323 1557 1386 "Stasera, siete in ritardo". E aggiunse, battendo sul libro: "Davo un'occhiata a questo libro di
137 1406 283 1460 Sorel."-
217 1932 415 1990 13.4.1961.
