1798 2473
1560 274 1630 324 2.
200 463 1610 516 che "non ha mai sbagliato". E non si poteva dire con maggiore semplicità, giustezza e
204 537 1620 591 verità.  Gli artisti che egli ha "scoperto", cioè collocato nel loro proprio valore, si chia-
194 612 1624 662 mano: David, Delacroix, Daumier, Corot, Meyron, e si sa quanto la sua attenzione
208 696 1642 744 fosse indirizzata verso Courbet, di cui non fece in tempo a conoscere il pieno svilup-
210 776 797 822 po poetico, la portata imprevista
598 740 972 774 imprevedibile per allora,
797 772 1642 807 di sconvolgimento estetico e morale.     Una simi-
204 838 1634 894 le vocazione, che richiedeva coraggio, disinteresse e quasi uno spirito di sacrificio,
208 913 1626 968 non si può dire che trovasse consensi nella società e nelle classi intellettuali del suo
208 992 1632 1043 tempo. Gli provocò bensì come è è nell'ordine delle cose, amarezza e condanne. Baude-
202 1066 1648 1120 laire credeva nella poesia, e visse, in un seguito farragginoso di sventure, amando sopra-
206 1148 1636 1189 tutto l'arte: la pittura dei pittori del suo tempo. Non chiese gratitudine, neppure agli
204 1234 579 1266 artisti medesimi
494 1190 662 1227 a favore dei
579 1230 1652 1266 quali la sua intelligenza appassionata si era spesa fino all'ultimo.
212 1291 1622 1351 I suoi rapporti con il grande Delacroix stanno a dimostrarlo. Quando l'oggetto più alto
202 1380 1568 1418 della sua venerazione si spense, egli non trovò che da andare a suonare alla
1497 1353 1566 1387 casa
1568 1385 1608 1418 di
210 1447 1600 1500 Delacroix; e là, seduto in un divano sfondato, a fianco della governante del maestro,
210 1521 1630 1576 non seppe che parlare e piangere per due lunghe ore, insieme con la vecchia Jenny. Dalle
212 1597 1622 1654 vaste entrate dello studio, guardavano la luce calare, e farsi sera, nel cortiletto di rue
234 1675 1214 1728 Furstenberg. Parigi, intanto, era occupata in altri pensieri.
238 1752 1640 1808 Le generazioni si rinnovano, la storia degli uomini la storia degli uomini ha il suo corso, che gli uo-
220 1832 898 1880 mini non possono prevedere né regolare.
250 1901 1638 1958 Così prese corpo, nella vicenda della poesia e dell'arte francese, a mezzo secolo di di-
224 1980 1652 2036 stanza dal tempo di Baudelaire, la figura massiccia: l'opera, formicolante di vita-
