1798 2383
183 303 230 353 4.
161 392 1579 474 ro e il bianco del tempo sereno. Col naso in aria, e la fantasia che prende la rincorsa
153 474 1587 560 dal presente verso il mondo dell’infanzia (dove il vero è sempre un poco favola),
167 546 1609 632 m’incammino per Strada Maggiore. Qui sono i palazzi, le nobili case delle famiglie
167 620 1597 712 bolognesi. Ma a fianco di essi, le stradine laterali, che sono la storia delle classi del
169 699 1591 782 lavoro, dei bottegai, degli artigiani. I luoghi dei piccoli traffici. Tutto il quartiere
171 773 1601 858 intorno alle Due Torri, il quartiere di Porta Ravegnana. Portato dal ricordo, mi trasformo
171 846 1615 934 in un ideale e vivente stradario. Ogni strada è viva dentro di me: Broglio dei Leprosetti, Vicolo
177 920 1567 1010 Fantuzzi (o Elefantuzzi), Caldarese, Corte Rialto. Diceva lo stradario: “Stalla, Canton,
171 998 1611 1088 Portoncello, Scuderia, Stalla, Casa, Casa, Stallaggio.." Quanti mai cavalli avranno bat-
167 1074 1619 1164 tuto, e ruote ripassato sull’antico selciato delle strade bolognesi. Intorno alle Due Torri, dentro
175 1150 1579 1242 gli archi bassi del gotico settentrionale, erano sistemate le botteghe e bottegacce del centro
179 1225 1605 1310 cittadino. In prima Piazza Ravegnana, dove adesso i nuovi architetti si apprestano a cam-
177 1301 1583 1386 biar la faccia delle case, erano botteghe piccoline, dentro le porticelle a vetri: “Bottega di
179 1375 1596 1462 archibugiere, Bottega di Merciaio, Bottega di Solfanaio, Drogheria Signor Sassi, Bottega
179 1457 1587 1537 di Falegname…" e lì sopra, l’architettura raffinata del Palazzo dell’Arte dei Drappieri,
179 1536 1611 1611 detto volgarmente degli Strazzaroli. Vi scaricavano, dai carri, balle di stoffa, drappi, cotoni-
183 1603 1567 1690 ne e lanerie. Poi ancora: “Bottega di Battirame; Battirame; Battiramaio…" Noi, ormai
173 1678 1555 1764 vecchi, ce ne ricordiamo bene: calderine, pentole, mestoli, orci, stampi da forno, in rame
167 1758 1595 1844 rosso, tingevano di rosso, quando il sole vi batteva, tutta la piazza, e gli zoccoli, i basa-
165 1860 459 1917 menti di macigno
405 1835 469 1867 nero
478 1843 1299 1904 delle Torri antiche. Risonavano di colpi le botteghe.
183 1908 1611 1992 Mercato di Mezzo apriva il suo corso, con le viuzze ai fianchi, dai nomi dei mestieri
