1798 2501
150 282 228 335 3.
186 471 1249 518 Altri poeti: dopo il Pascoli, ha avuto la poesia italiana; e
1164 413 1336 468 qualcuno ne
1249 473 1552 524 abbiamo conosciuto;
172 546 1584 600 visto da vicino. E, spesso, nel loro sogno, nella proposta umana della loro poetica, l'ora di pace,
172 620 1596 673 la serenità di un tramonto di cose e di sentimenti tutti chiariti, dopo il quale possa sorgere
162 698 1596 754 una tregua, una sospensione, uno spazio di meditazione, da cui prendere forse per continua-
156 772 1588 828 re. Ma uno, si fa per dire, è quello che, per quanto è lunga la vita, insegue con pazienza
156 848 1572 904 disperata, chiamandola con le parole di rimpianto una figura, che gli sfugge. E' la poesia, egli lo
148 926 1592 980 sa. Un giorno la raggiunge; la ghernisce. Quella volge il viso. In viso, un cuore, una poesia di ango-
152 1000 1550 1052 scia repressa. L'uomo la sognava, come l'ultima speranza. Un altro, quasi da sempre, cioè dal
162 1075 1582 1134 primo momento della vocazione e della dedizione, conobbe il viso e l'anima della sua donna: la
164 1163 1548 1199 poesia. La poesia, senza lacrime, gli si concesse. Da una tale dimestichezza nacque una condizione
148 1226 985 1280 di intimità senza rispetto, con momenti di bellissima,
964 1206 1048 1231 anche
986 1226 1568 1278 di straziante verità di rapporti: rapporti
164 1302 1584 1358 fra la carne, il corpo, dirci i vestimenti, gli indumenti dell'uno, e la repugnanza, la noia, la
164 1376 1578 1434 stanchezza entrati ormai nell'animo dell'altra. Le donne non solo solo senso. Sono capriccio, e
154 1454 1564 1508 sofisma; sono dispetto, e insolubile scontentezza. Pure, questi e altri loro fratelli, vagheggiarono
166 1530 1600 1581 con fiducia, con superstiziosa fede, il raggiungimento di una         finale serenità. Non co-
158 1605 736 1655 nobbero, non attinsero che apprensione,
728 1587 761 1621 e
748 1606 1560 1660 ansia, dalle quali derivò, naturalmente, al loro lavoro
162 1678 1590 1740 un gesto e un tratto di quel modo di esistere in poesia che ancora riflette, travestita, la fiam-
156 1756 832 1810 ma che, lontanissima, fu chiamata romantica.
162 1831 1596 1888 D'altro genere, il temperamento, la seconda natura, cioè il lavoro in poesia, di Valeri, che
148 1920 1568 1954 riflette, calmamente ma integralmente, i caratteri della sua natura fisica, definitasi nel corso
144 1996 998 2032 della vita. Quel suo "occhio" che vede e ritrae con
992 1954 1164 1992 affettuosa
998 1996 1566 2032 obbiettiva equità, è lui che propone
