1798 2427
177 488 1583 545 universel: il donnerait plus_ que la formule de sa pensée, que l’annotation de
187 566 1593 619 sa marche au Progrès! Enormité devenant norme, absorbée par tous, il serait
185 651 1591 689 vraiment un moltiplicateur de progrès!_ Cet avenir sera matérialiste, vous
193 717 1542 773 le voyez..." Questo avvenire, egli dice, sarà materialista. Cosa vuole annunciare
1419 693 1553 729 Rimbaud
1550 715 1621 768 ? Il
187 796 1623 853 poeta fornirà, egli dice, qualcosa di più della formula del suo pensiero, di più che non
177 870 1633 921 l'annotazione della sua marcia verso il progresso. Egli sarà veramente un moltiplica-
173 947 1637 999 tore di progresso. Le parole, in Rimbaud, hanno un peso, e un valore assai preciso. Sembra
177 1023 1639 1073 incredibile di dover ritenere che il suo “progresso" sia quello dei socialisti, dei progres-
193 1098 1631 1153 sisti, dei materialisti. Impossibile un processo di socializzazione del poeta Rimbaud.
181 1181 1587 1231 Eppure, egli ha parlato chiaro: _ Questo avvenire sarà materialista, voi lo vedete... _
231 1253 369 1303 Bisogna
295 1217 479 1253 ricordare
377 1247 1632 1299 che, codeste esplorazioni nel futuro della coscienza, codeste occhiate a volo d’a-
203 1328 1627 1394 quila sul panorama dell’arte, Rimbaud le lanciava nel pieno del suo lavoro di poeta:
197 1404 1643 1452 ancora dovevano nascere le “Illuminations" e la “Saison en Enfer", che vengono scritte (ma come
195 1480 1633 1543 scritte da un tale personaggio?) appunto negli anni ‘71, ‘72 e ‘73. Con questo ultimo anno,
201 1552 1617 1607 la sua opera di poeta, di “poeta nuovo", è finita. Saranno ancora, dopo, dei soprassalti,
193 1628 1637 1682 dei risvegli e degli incubi della fosca stagione letteraria: anche fatti materiali della
177 1704 1609 1758 sua biografia non esprimeranno che la fatica di codesta stagione che si esaurisce. Le fughe,
187 1780 1633 1835 solo con Verlaine, le scorribande tra Parigi e Londra; e lo stesso fattaccio del luglio ‘73 a
173 1856 1655 1915 Bruxelles, con i due colpi di pistola di Pauvre Lèlian. Incomincia il tempo degli assaggi,
181 1934 1627 1989 degli esperimenti verso la vita pratica. La vita comune: accostata comunque in lunghi
179 2010 1635 2063 sbandamenti, e vagabondaggi attraverso l’Europa. Precettore a Stoccarda, poi viaggio, attraverso
