1798 2473
208 453 1552 508 È destino dei tempi moderni, nelle nazioni giunte al grado di "modernità"
170 528 1598 585 del proprio progresso civile, che uno scambio lento e profondo si realizzi fra le ricerche
172 606 1592 664 tentate e attuate dagli artisti figurativi di essa, con quello che sono le opere, i rag-
172 682 1558 742 giungimenti dei loro artisti letterari, i loro poeti in versi o in prosa: le quali
166 759 1594 816 due diverse, ma non opposte, attitudini non avvengono senza un rapporto e una ragione
172 834 1578 896 che si affonda nel grado e nelle condizioni storiche, e sociali, di una nazione in un tempo
170 908 1594 964 determinato. Può verificarsi che tali diverse attitudini, o mezzi di comunicare col mondo
170 986 1572 1042 sterno, raggiungano una gravità, si sviluppino in un parallelismo di espressione e di
166 1062 1586 1120 espressione intensità formale; e sono i ricordi di concreta felicità, di purezza poetica,
158 1136 1600 1190 di maternità culturale, di splendore civile di tali nazioni. La quale cosa fu toccata, come
162 1214 1594 1270 tutti sanno, in Francia nel secolo scorso. Non è forse a caso, anzi è per una giusta ragione
164 1290 1570 1346 di equilibrio morale, oltre che estetico, raggiunto in pieno, che Baudelaire non fu
158 1364 1548 1420 solo il poeta iniziatore della "nuova poesia"ma anche il primo dei critici della moderna
162 1442 396 1494 critica d'arte.
178 1514 1574 1574 L'attitudine, l'applicazione, la vocazione di Baudelaire a "inventare", è il caso di
162 1591 1578 1651 dirlo, non i principi estetici, ma i motivi di sentimento, sui quali appoggiare, quasi
172 1678 1578 1714 distrattamente, quasi da dilettante e letterato, la sostanza continua della sua intelli-
176 1753 1505 1790 genza, interpretazione, rivelazione di una critica dell'arte contemporanea, non
1458 1716 1568 1750 hanno
1505 1760 1604 1794 pre-
172 1829 522 1865 cedenti; e forse non ha
454 1784 556 1818 hanno
522 1829 1592 1868 ancora avuto una continuazione degna di essa. Da Baudelaire,
172 1893 1536 1946 veramente, è è incominciata un'età nuova, così per la poesia, come per la critica della
172 1970 1596 2032 poesia, nella quale l'arte figurativa rientra di dovere. Di Baudelaire critico, dice Valéry
