1798 2476
1559 271 1625 329 2 :
206 416 322 459 Ungaretti
213 457 791 512 dimostri l'importanza, per lui, che
766 416 818 474 ha
799 456 1619 508 sempre l'incontro visuale della sua mente con gli oggetti
202 531 1612 592 materiali del mondo esterno. Chiunque potrà così avvertire come il ritmo della  frase, cadenza
206 608 1616 668 sintattica e mondi d'immagini, in un tale genere di prosa, corrispondano alla natura: al na_
210 685 1116 744 scere e fluire della parola fisica, della voce di Ungaretti.
214 749 1599 815 Come chiameremo dunque la prosa di Giuseppe Ungaretti che l'editore A. Mondadori
1406 710 1638 756 (Milano, 1961)
202 833 1626 898 ha pubblicato col titolo, così ungarettiano di: "Il deserto e dopo"? Diremo, con l'
205 909 1639 967 : prose di viaggio e saggi. I saggi, verranno inseguito. In quanto ai viaggi: gli iti_
208 984 1648 1048 nerari di Ungaretti, è evidente, seguono un ideale, intimo, inevitabile e prestabilito per_
206 1060 1630 1128 corso, a cui lo scrittore è portato, come il destino e il sangue portano l'uomo per mano.
210 1137 1646 1200 Sono le vie, che egli ritrova, tracciate e scavate, dalla sua vita, dalla nascita e destinazione
214 1213 1622 1278 ad una poesi, che è solamente, il chiarimento e la ragione della vita, che gli era riservata.
211 1289 1651 1347 Ungaretti si dirige al sud e ad oriente, al nord e a occidente. Ma una visione, un mirag_
220 1378 1634 1426 gio caro e ineluttabile, lo attraggono verso il sud e l'oriente. Il lucchese Ungaretti è
213 1443 297 1493 nato
220 1418 448 1458 ad Alessandris
305 1441 1653 1493 d'Egitto. "Parto per l'Egitto!" dice all'apertura  del primo foglio di viaggio. "Ci
220 1519 1616 1578 sono nato, in una notte, mi dissero, burrascosa. Credo che il tempo, per me, non avrà
210 1597 1640 1654 mai voglia di farsi buono._ Ho vissuto in Egitto i primi vent'anni, e mi sono diven_
208 1667 1598 1736 tati, in più di vent'anni lontano, una bolla di sapone, una nuvoletta iridescente
210 1745 1638 1808 con l'interna vaghezza di luoghi e di persone nel trattenuto dissolversi d'un giorno.
210 1818 1632 1882 Carità finale della memoria!" L'interpunzione esclamativa nella grammatica di Un_
218 1893 1644 1962 garetti ha, da un certo momento, una ragione di fatalità. L'esclamazione (  il "grido")
216 1972 1636 2038 è nel tono della sua vita umana. (Da ricordare, che al principio del suo scrivere in prosa,
