1798 2531
1562 337 1619 387 6.
213 523 800 577 razionale del loro corpo: martelli,
797 458 944 515 scalpelli,
822 510 1650 573 lime, punteruoli, rapano, seghe, tenaglie, cesoie,
210 590 1650 657 pinze, morse.           La natura antropomorfica di taluni di quei vecchi arnesi,
218 667 1653 725 è commovente e quasi romanzesca: sono mani, dita, mascelle,denti di acciaio,
216 743 1255 799 che si muovono e agiscono, in preda ad un loro assurdo sentimento!
228 819 1635 880 L'umanità laboriosa e generosa che dava alla luce questi mostri benigni, questi arti
223 893 1607 956 animati in un sogno di nuovi "prodotti" della pazienza e dell'intelligenza umana,
218 968 1627 1033 doveva essersi formata una morale che regolava i rapporti suoi propri con quelli del
215 1044 1654 1106 quotidiano suo lavoro: gli attrezzi di lavoro. Era una civiltà, che incominciava dal nulla.
219 1124 1643 1182 Come Robinson Crusoe nell'isola, essa doveva ricavare e foggiare, non dalla terra ma dal
219 1194 1643 1259 ferro, ogni mezzo necessario a realizzare il suo bisogno, il suo sogno di ricostruzione del
227 1274 1248 1333 mondo. Creare, stampare il primo chiodo. I mestieri
1059 1254 1259 1303 soccorrevano
1261 1276 1634 1327 con l'inclinazione e l'in-
218 1344 1642 1414 ventiva infinita degli uomini impegnati in un lavoro manuale. La gamma vasta
213 1426 1641 1489 dei mestieri, appoggiati ad alcuni mestieri primitivi e di base, si apre in quel secolo con
218 1504 1641 1561 l'armonia e l'umana bellezza con cui, nello stesso tempo, gli uomini approfondivano
221 1574 1649 1642 a conoscenza dei loro sentimenti, e li impiegavano nell'interesse di tutti gli esseri viventi.
263 1652 1648 1708 Vecchi mestieri: artigiani e operai, gente piegata sul lavoro per tutta la durata della
224 1724 1632 1788 vita, inventori di strumenti, costruttori di oggetti, di cose che hanno l'intento, e quasi
221 1802 1637 1865 "l'animo" rivolto a rendere un poco più lieta l'esistenza umana nella società civile.
220 1880 1643 1942 Essi preparavano il tempo futuro, quello che oggi è incominciato: il tempo della mac-
216 1958 1375 2018 china. La macchina: creata a imitazione, e perfezione dell'uomo.
