1798 2383
181 252 232 305 2.
171 446 1591 524 dei pomi, il viola del vino, il verde del fieno, dell’uva. Il colore delle case, nel caldo, fermen-
171 525 1567 604 ta e ribolle, fondendosi, in una sola, uguale materia che si accende, e odora. È un odore
169 598 1579 678 forte, acre di terra, di frutti maturi. Una sostanza che si decompone di continuo, e rinasce
161 676 1573 750 in forma nuova, e nuova vita. Questa primavera, è eccezionalmente piovosa. Piove ogni
179 754 1613 832 giorno, specie nel dopo pranzo. Incomincia nel solito modo: il cielo si fa piombo, di ferro, nero.
173 829 1593 905 E quasi senza avviso, senza tuoni, l’acqua sta già cadendo. Dura per qualche ora: una piog-
171 902 1585 982 gia minuta, fitta, senza gioia. Veniva da via Castiglione. Presi per via della Castellata. Tutto
177 977 1589 1047 era rosso, bagnato, inzuppato, come una vecchia tenda di cotone rosso. I muri bevono l’acqua
173 1050 1611 1124 e l’umidità, come la carta asciugante. Sono case basse; due piani, oltre il pianterreno. Il matto-
161 1126 1595 1204 ne, così bagnato, rimpasta il colore, sfuma il disegno, e ogni fianco della strada sembra una sola
169 1202 1619 1280 lunga, dolce, curva scena di palcoscenico, dipinta in rosso. Finestre, porte, sono cavate nei muri, come
169 1277 1575 1360 fori squadrati. Mi fermo un attimo, presso un portoncino; accendo la sigaretta. Un uomo esce, dal
175 1352 1601 1438 portoncino: è una bottega, un laboratorio di falegname. Prima di vedere, sento l’odore acuto del
189 1439 859 1504 legno. Come sotto una pineta, quando piove.
177 1514 947 1580 - Accidenti alla pioggia, - dice l’uomo, dietro di me.
177 1589 991 1654 - Che primavera; un disastro con tutta quest’acqua.
179 1664 1179 1736 - Si figuri in campagna! Lei sta in campagna? – mi chiede.
219 1742 943 1805 - Veramente no. Ma insomma, mi dà fastidio.
201 1808 1604 1884 - Ha ragione, ha ragione. Io faccio il falegname, - aggiunge, mentre si è messo al mio fianco.-
179 1888 1609 1961 Ah così, - dissi io. Eravamo all’angolo di via Santo Stefano. Il falegname piegò verso la
177 1965 1625 2031 via Guerrazzi. Io voltai per Vicolo Posterla. Antico luogo delle porte. Difatti, molte basse case a
