1798 2539
244 299 843 388 Tre bambini in maschera.
182 562 983 626 Le due mamme, che erano sorelle, dovevano
836 528 1010 568 pensavano
1006 562 1517 618 di portare i loro bimbi nella
170 631 1546 694 casa dei nonni, per vestirli in maschera. La nonna stessa aveva detto:-"Venite
183 707 1531 767 pure. Siamo contenti. Si deve capire che siamo in carnevale."- E la vigilia,
167 783 1551 841 era uscita apposta. Col marito, erano andati dal cartolaio. Con pazienza, aveva-
177 861 1559 925 no scelto tre mascherine, delle trombe di carta, con la corda a striscie; delle stelle
186 940 1524 997 filanti, e un cappellino di cartone. Un cappellino: alto, rotondo, come uno stampo
185 1028 242 1070 per
210 994 252 1027 i
247 1014 1557 1070 dolci. Leggero, aereo, un poco tracotante: da stare in un balletto romantico.
189 1087 1545 1143 E' curioso come gli accessori del carnevale   vadano d'accordo
188 1167 557 1219 con i motivi militari.
206 1241 1518 1298 L'indomani era domenica, una giornata di sole, di vento e di nuvole,
178 1314 1548 1376 come ne sono in febbraio. Giunse prima la sorella maggiore, con i suoi due
190 1392 1545 1451 figlioli. La bimba e il piccino reggevano la cordicella della canina: una
195 1460 1550 1526 bassotta, tutti e tre come di solito di corsa e all'impazzata, spargendosi
179 1541 1387 1602 subito per le stanze. Si sentono sbattere le porte, smuovere le sedie,
1280 1524 1409 1558 urtate
1384 1559 1542 1599 in mezzo
177 1619 846 1677 ai richiami della madre,
659 1600 864 1628 punteggiati
867 1616 1566 1677 dal campanellino della cagnetta. Corrono,
183 1693 1549 1756 e si spande nella casa un fremito improvviso, come quando un colpo di vento
196 1772 1016 1836 spalanca le finestre: volano le tende, battono
885 1750 1042 1782 tremano
1015 1781 1425 1827 le cime delle piantine
1090 1750 1312 1786 pianticelle
1433 1775 1543 1827 contro
189 1848 1562 1905 i vetri, sbatte una porta. Ed ecco rispuntano in fila, e di corsa, i due bimbi,
189 1920 1567 1978 la loro bassotta scampanellante, e, in fondo, una seconda cagnolina. E' la madre
183 1998 909 2056 della bassotta. Si ferma, quasi subito.
817 1976 920 2015 Salta
922 2002 1558 2057 sulla poltrona, guarda con pazienza la
