1798 2427
195 471 1619 531 leville. Nelle lettere, nei solitari colloqui e monologhi, nei silenzi dell’ospedale, Rimbaud
179 548 1605 611 ricorda perfettamente ogni tempo della sua vita, rievoca il martirio più recente: la partenza
182 628 1611 680 da Harrar per Zeilah in portantina, in quella sorta di comica sedia e letto, gabbia di canne,
167 705 1359 759 che trasporta un uomo mesto e urlante di dolore, di pena, e di umiliazione.
173 778 271 828 Per tre
227 740 281 790 due
275 777 1614 828 mesi, in una convalescenza che è preludio alla morte fisica, egli resta con la famiglia a
160 855 869 907 Roche. Poi, aggravato, al principio di novembre
536 809 1106 864 alla fine di settembre alla fine d’agosto,
872 851 1624 906 si fa trasportare di nuovo a Marsiglia, ospedale della
173 924 1605 987 Concezione. Ancora due mesi e più di ospedale, di inutili sofferenze. La La sorella Isabella è con lui.
161 1002 1589 1059 Sono deliri, smarrimenti, spasimi, e assopimenti mortali. Si racconta delle sue visioni e alluci-
169 1078 1615 1139 nazioni, in prossimità della fine; e della cristiana rassegnazione dopo ribellioni e bestemmie durate fino
167 1154 1618 1212 all'estremo. Morì il 10 novembre 1891, all’età di 37 anni. La vigiglia, aveva voluto dettare alla
165 1233 627 1288 sorella una lettera, un sogno, al
560 1193 651 1247 per il
628 1231 1624 1288 direttore delle Messaggerie Marittime, chiedendogli di ripartire per Suez:
177 1306 1615 1373 “... donc je désire me trouver de bonne heure à bord. Dites-moi à quelle heure je dois
177 1384 1615 1443 être trasnsporté à bord..." Il suo nome è sepolto, con la sua gloria. Difatti, due anni dopo, un
175 1469 791 1521 vecchio amico, il poeta Germain Nouveau,
741 1422 838 1478 ignaro,
793 1456 1616 1515 gli indirizza una lettera a Aden. Piena di ricordi e di
157 1542 572 1594 affetto. Vagabondo, disperato,
488 1489 617 1547 come lui,
578 1531 1292 1587 Nouveau gli chiede di poter lavorare, con lui,
1268 1497 1298 1549 a
1312 1533 1600 1583 Aden. La poesia, per
175 1612 1624 1671 loro, è finita. Dice, scherzando: “N'ai pas vus Verlompe depuis bientôt deux ans, non plus
173 1691 1640 1743 que Delahappe. L'un est célìbe, et l’autre..." Verlaine; la poesia. Un miraggio svanito.
213 1766 1583 1822 _ Che cosa è stata, per Rimbaud, l’Africa? Difficile rispondere sensatamente. Forse è
166 1837 1617 1899 stato come l’estrema conseguenza logica di un calcolo, incominciato a Charleville e concluso
164 1918 1621 1974 all’ospedale di Marsiglia; il calcolo e il progetto di una vita da realizzare in condizioni ecce-
174 1993 1621 2047 zionali e in vista di un “fine unico": la volontà, accompagnata dal genio, e l’orgoglio smisurato
