1798 2479
155 288 207 339 3.
169 442 1503 506 ca di una verità intellettuale, che sola costituisce il fondamento della dignità umana.
181 518 1551 578 Quando noi abbiamo, le prime volte, nell'anno 1914, frequentato il pittore Carrà ci
163 594 1583 656 colpì la modestia e lo scrupolo, con cui egli usava quotidianamente mettersi al suo lavoro
153 668 1565 728 di pittura. Come l'artigiano che, spalancato il portone a libretti della sua bottega, cava la
171 744 1591 808 giacca, indossa il camiciotto da lavoro, si rimbocca appena le maniche, e lasciando scorrere
159 822 1587 886 una lunga occhiata sul banco, occupato da un pezzo in lavorazione, riprende come un pen-
153 896 1597 960 siero interrotto la sera avanti; e dice fra di sé: -"Dunque; dunque tiriamo avanti questa cosa".
149 972 1591 1036 - Che in altre parole, anche trattandosi di lavoro materiale, vuol dire:-" Risolviamo, affrontiamo
137 1050 1577 1114 questa faccenda."- La faccenda di Carrà, era, allora, come sempre, un quadro da portare avanti.
157 1130 1573 1186 Erano talvolta, a quel tempo, quadri abbastanza grandi, che Carrà, basso ma robusto, maneggia-
163 1201 1573 1254 va comodamente, col gesto dell'ebanista che sposta materiali nel laboratorio. Prima di decidere
149 1276 1567 1338 il dipinto, il "lavoro" da scegliere, e su cui lavorare per quel giorno, il pittore continuava un
146 1354 904 1404 suo ragionamento, ad alta voce; che poteva
813 1322 911 1376 avere
915 1352 1592 1402 o non avere rapporto con il quadro prescel_
147 1429 1567 1487 to. Il quadro veniva, da lui, posato su di un cavalletto. O, se era di dimensioni più grandi,
155 1500 1573 1562 appoggiato su di una bassa cassa di legno. Carrà vi si sedeva davanti. Incominciava allora un
159 1575 1591 1640 colloquio fra lui e il dipinto iniziato, in cui solo le battute del pittore prendevano forma con la
153 1650 1555 1718 parola. Il quadro taceva, o rispondeva tacendo. Il pittore, volgendosi appena, toglieva da un
157 1743 1575 1785 panchetto la tavolozza, metteva le mani (le grosse dita di Carrà) sui tubi di colore. Dei cilindri
146 1807 621 1857 luccicanti di stagnola,
485 1783 653 1821 attraversati
623 1802 1590 1855 da una strisciolina di carta colorata. Leggeva il nome, l'attributo
145 1884 1575 1941 del tubo. Appoggiata la tavolozza sulle ginocchia, come un piatto dove mangiare, vi avvicinava, a
145 1956 1585 2020 turno, i vari tubi, spremeva un poco di colore. Il colore forava, come un buco, il legno della tavoloz_
