1798 2476
130 254 202 319 5.
150 439 1579 499 in ogni parte del corpo. Una fatica, una stanchezza, non da piangerne, solo da restare tramortiti.
138 518 1588 581 Basta pensare ai viaggi, agli spostamenti, a cavallo di muli, sul dorso dei cammelli. A piedi.
142 595 1579 647 Centiania di miglia, ogni volta. E la lotta feroce per il guadagno. Quando è rientrato, nei mesi
126 666 1548 731 di riposo forzato, nella solitudine della casa, nelle giornate di ripresa di contrattazioni, lente,
148 743 1246 796 bestiali, e nella cadute serali verso il letto, e il sonno impossibile,
1196 709 1259 763 una
1258 741 1561 793 sostanza invade il
158 817 1532 884 corpo, e forse il cuore: la noia, come un veleno nel sangue. Il corpo si è quasi paralizzato.
160 898 1580 961 "Je m'ennuie beacoup, toujours; je n'ai méme jamais connes personne qui s'en_
154 971 1568 1031 nuyât autant que nous." non è la "noia" della fantasia, dell'immaginazione poetica. E'
146 1047 1576 1109 la noia infinita, eterna della materia. Risvegliato all'improvviso, nella notte, l'uomo si palpa
148 1123 1578 1189 in cintura la borsa dell'oro. Sa che il fucile è a portata di mano. Al mattino, quando ricomincia la
146 1195 1578 1265 giornata, qualcosa che non è sogno, ma è tristezza di uomo. Si rivede in Europa. In famiglia. ammo_
146 1272 1582 1342 gliato. Con una figliola da allevare: da educare. La famiglia: i mobili di casa, le parole, il lavoro se_
160 1348 1570 1415 reno. Non è che un miraggio, un miraggio atroce:".. tous le jours, je perde le gout pour le climat et<lb/>
150 1427 1588 1491 les maniéres de vivre et méme la langue de l'Europe... Mais qui sait combien peuveut
148 1501 1571 1567 mes jours dans ces montagnes-ci? Etaje puis            , au milieu de ces
156 1576 1564 1642 sans que la nouvelle en         jamais." Una fine profonda, profonda, dentro il silenzio
154 1652 1592 1716 delle cose, della terra. Quella che ogni uomo attende. E dopo, un sonno lunghissimo. In Afri_
153 1725 1578 1789 ca, in Europa, da ogni parte. Ogni parte è buona. La poesia non è stata che un sogno, una
134 1812 516 1875 invenzione del sogno.
264 1960 452 2029 30.3.1961
