1798 2479
1533 286 1611 340 12.
226 459 1624 514 il calice, il cilindro di legno e l'altro blocchetto di legno-a-vene, una visione
224 533 1626 590 di oggetti a loro modo patetici a furia di silenzio, per convincersi di come, anche
228 608 1657 661 sul pieno della polemica e della fase del tempo metafisico, l'arte di Carrà non aveva
221 689 1652 739 altri scopi all'infuori di quelli, di toccare ed esprimere, attraverso la risoluzione plasti_
224 762 1654 817 ca, motivi profondi di meditazione lirica. Nell'esplicazione di un tale carattere, nella rea_
214 841 1647 895 lizzazione delle opere che ne seguono, Carrà dimostro di fare opere a parte, nella corren_
221 909 1643 964 te e nel movimento pittorico denominato "metafisico".Non diversa sarà la sostanza del
217 992 751 1050 suo lavoro nel tempo successivo.
233 1067 1650 1120 Sono poi due anni, fra il '21 e il '22, in cui l'invenzione della immagine o figura plastica,
223 1138 1612 1197 in Carrà, si accompagna al bisogno raggiungere questa attraverso il filtro di una
231 1216 1652 1270 favola, o simbologia letteraria. Non si può dire che la riuscita pittorica ne scapiti: ma co-
225 1289 1663 1346 munque opere come l' "Amante dell'ingengere", "Il mulino di Sant'Anna", "Il pino sul mare",
225 1369 1659 1428 "La casa dell'amore", non nascondono la traccia di un' equivoco, generoso per eccesso di sen_
220 1440 1655 1499 timento, quale può essere contenuto in una situazione del genere di quella accennata. E'
221 1523 1656 1580 evidente che Carrà si preparava a procedere, intellettualmente e nel piano pittorico, verso o_
228 1598 1654 1651 rizzonti nuovi, quelli riassumibili in un concetto di nuovo realismo, o di realismo ap_
228 1674 1651 1724 passionato: come dire di un artista che, guardando e giudicando il volto delle cose, e del
228 1747 1660 1799 mondo, disponga l'animo di una malinconica e forte riflessione. La felicità: perché anche
230 1818 1643 1870 felicità, che tali opere esprimono, è quella del vero e della verità umana,           da
241 1898 1630 1950 ognuno nella propria coscienza. Sono del '21 e '23, paesaggi marini dove qualità del
241 1973 1634 2032 mare, qualità del cielo, sostanza delle vele, sono ricavati e fusi nell'unica qualità
