1798 2479
1556 270 1599 323 4.
223 451 1159 511 za: giallo, rosso, verde, e chiazze più grandi di bianco, di nero.
227 528 1625 588 La mano di Carrà reggeva (e l'uomo parlava), reggeva il pennello non lieve. I pen_
196 602 1657 657 nelli di Carrà sono sempre stati abbastanza spessi di setole, il bastoncino, grossetto. Come
203 674 1635 744 quelli che usano, se non sbaglio, i decoratori, gli operai del colore. Li impugna, li stringe
215 751 1617 814 come strumenti di lavoro. Come lo stuccatore, in piedi sul ponte, la spatola. L'atto,
201 827 1627 889 con il quale il Carrà prima deposita poi stende e liscia il tozzo di colore sulla tela, sogguar_
201 906 1633 962 dando la pittura e la punta del pennello, è un atto consueto, tranquillo, di attenzione e di
213 980 1639 1037 affetto. Il lavoro deve riuscire bene. Depositava - ricordo - un poco di bianco sul volto
197 1058 1615 1117 del "Gentiluomo ubriaco": questo "Zuccone" donatelliano del ventesimo secolo. Alla
203 1134 1625 1193 base del naso, dove il naso si spicca dal volto. Poi, più sotto, dove diremo che è il men_
201 1208 1629 1270 to, dove l'ovoide allungato del capo dovrebbe inserirsi nel collo. E' qui, come si sa,
199 1283 1581 1346 il collo è invece solo un cilindro, un breve cilindro, ma staccato, tagliato fuori dal
199 1361 1631 1422 soprastante capo. Poi ancora, le aggiunte di colore andavano a raggiungere l'orecchio,
189 1431 1621 1497 il padiglione dell'orecchio, - che è l'recchio sinistro del "Gentiluomo", dove questo
193 1512 1613 1572 si attacca, aderisce alla parte cilindrica posteriore della testa. Quel bianco si posava,
205 1587 1609 1644 col peso e la stabilità di un cemento, con la pronta opacità del gesso sul muro. E il di_
211 1661 1202 1711 pinto pareva, veramente, un pezzo, uno spazio di muro,
1192 1622 1241 1675 cui
1221 1659 1603 1718 il "maestro" applicava i
201 1738 1633 1798 tocchi finali, gli aggiustamenti, riempiva con mano esperta i piccoli invisibili vuoti, spia_
201 1814 1569 1876 nava e livellava le impercettibili mancanze, che solo il suo occhio può avvertire.
247 1889 1631 1956 Lo Zuccone, la testa-cilindro del signore "Ubriaco" si andava così completando, ostruen_
201 1971 1623 2030 do in una pienezza, in un giusto peso e giusta dimensione, che di più non si poteva. A
