1798 2471
1573 275 1620 325 4.
262 416 1502 473 L'amico giungeva, insieme a me, le sere seguenti, nasondendo nel paltoncino
1507 401 1629 437 pacchetti
1515 423 1653 477 cartoncini
218 493 1650 543 di cioccolata, che all'improvviso offriva alla ragazza. Dopo le consuete sugli automobi-
221 565 1653 621 lini, che egli pretendeva di guidare con sfrenata imprevidenza, rischiando di spezzare il la-
231 637 1651 699 gno dallo steccato, si staccava da me. Camminava rapido, coi suoi piccoli passi, verso la signora.
229 724 1653 774 Le ricordava l'impegno della gara al tiro al bersaglio. La ragazza, un poco riluttante, si faceva
213 798 1657 849 tirare per il braccio. Poco dopo la mezzanotte, spesso, sopraggiungeva il marito. Affacciati al
213 871 1625 928 banco del tiro, miravano, sparavano con i corti fuciletti. Il padrone del tiro        inerte, e
227 946 1653 1004 addormentato, assisteva. Io guardavo, commentavo, partecipando di rado. Una sera ci fu alle
221 1021 1619 1082 spalle il marito. Uomo massiccio, abbronzato, un tiro di barcaiolo del Po. Ironico, si rivolse
223 1099 1651 1153 a me: "Mi par che quel ragazzo... quel giovanotto, ci sappia fare poco... "Io mi strinsi nel-
217 1175 1655 1236 le spalle. La moglie lo avvertì, e posava il fucile, ridendo."Hai proprio ragione, Roberto...
229 1252 1643 1313 questo signore è poco bravo... così ho vinto la scommessa." S'attaccava alle spalle del ma-
221 1327 1609 1381 rito, mentre si volgevano per rientrare nella loro pista. L' nonno scavalcava con un salto la
223 1401 1629 1458 ringhiera bassa. Andava nella cabina per staccare la corrente. Intanto la moglie incomincia-
237 1478 1643 1545 ciava a spegnere le luci d'acetilene intorno. Rise, chiamò ripetutamente il marito: -" Oggi,
237 1556 1637 1613 gridava, - la giornata è stata buona, quasi come di domenica... Roberto, Roberto... "Sa-
225 1629 645 1686 lutammo, forte, la signora.
249 1705 1639 1762 Con l'amico, passo passo, uscimmo dalla piazza. Teneva affondate le mani nel cappotto. Il
216 1779 685 1835 cappello, come usava, gli era sceso
688 1756 770 1806 dalla
698 1779 1614 1829 nuca verso il collo. Alla fine del fanale osservai il
217 1856 1611 1919 malumore stampato sul viso di lui. Volle esagerarlo. Ostentando, quasi, una gelosia offesa
227 1933 1619 1990 provocata. Costruendosi appena, trovava gli insulti più puerili: "... suonavo, cosa crede
