1798 2473
159 270 206 322 5.
176 451 1580 511 sunto un carattere, una fisionomia che saranno quelli stessi, all' incirca, , del suo tempo ma-
156 526 1586 585 turo, della precoce maturità intellettuale e letteraria. Erano temi: figure, fantasmi, me-
158 600 1590 659 lodie che si staccavano a poco a poco, come incrostazioni dolorose, dalla     cavità  del suo
158 677 1584 737 essere. Era un tempo meraviglioso di fermento e di maturazione dell'arte francese, in lettera-
166 752 1582 813 tura e in pittura: in ambedue i campi una concomitanza si osservava, dell'uno verso l'altro.
160 828 1576 887 Il simbolismo si travasava dentro      i recipienti, in ebollizione, del fascismo, che ebbe
154 904 1580 963 espressioni specifiche così in poesia come nell'arte figurativa. Al Bar de la Paix si discuteva
150 977 1570 1040 di Gauguin, di Van Gogh, al tavolo dove il poeta Toulet disegnava mentalmente il contorno
158 1055 1558 1113 di un suo componimento, che eguagliava la ricerca di fantasismo intimista di Bonnard. E fu
170 1131 1588 1195 qui, che, nel 1904 , Apollinaire incontrò lo spagnolo Picasso. Picasso, che aveva preso stanza
148 1222 1586 1260 al famoso Bateau-Lavoir, era nella sua epoca pittorica denominata "rosa", si applicava nel-
146 1294 1409 1339 l'osservazione dei personaggi di circo equestre, di balli popolari, di café-chantants.
1430 1250 1564 1290 e ambienti
1409 1298 1588 1333 Soggetti che a
154 1359 1592 1421 suo modo, anche Apollinaire vagheggiava. Di giorno e di notte l'esistenza di Apollinaire appro
156 1433 1564 1496 dava nei caffè letterari, nelle redazioni di riviste, passando di corsa dentro le stanze di una
156 1511 1442 1577 galleria, di un mercante di quadri. Ricordando gli esordi, e i progressi di aderente
1413 1493 1457 1515 al
1442 1513 1594 1571 simbolismo,
145 1587 1588 1648 di Apollinaire, si osò immaginare come, fino a quel fino a quel momento, il gusto di lui, per quanto
156 1660 1602 1725 atteneva all'arte, dalla pittura all "decorazione", andasse verso gli uomini della Revue Blanche
158 1736 1564 1799 e del Museum de France: al di là di Vuillard e di Bonnard, inoltrandosi fino a Redon. Di
160 1816 1594 1881 quel tempo, di quelle frequentazioni, e rapporti con gli artisti, rimane la traccia della sua ami-
160 1890 1598 1951 cizia con André Rouveyre: la cui grafica         è come il punto di confluenza fra simbo-
152 1965 1584 2033 lismo e l'aspra figuratività dei fauves. C'è il passaggio, attraverso Rouveyre, dell'esperienza
