1798 2531
151 343 215 388 5.
163 519 1573 576 case di borghesi e di signori, è l'introduzione e il complemento di un'altra moderna applicazio-
137 591 1569 656 ne di impiego e comodità domestica: il termosifone. Il muratore, il fabbro, il lattoniere, l'i-
137 667 1575 728 draulico (l'antico trombaio del Granduca di Toscana), insieme a tanti altri, sono gli arti-
157 744 1569 806 iani il cui lavoro, sempre nuovo e riinventato ogni giorno, si congiunge a dar vita al
157 820 1587 882 lavoro di colui che, sull'osservazione della pentola che scalda l'acqua, concepì di impiegare,
159 907 1543 953 per il riscaldamento e il benessere dei cittadini, l'acqua, invece del fuoco, condotta e
145 982 1569 1023 costretta a muoversi, dentro una rete di canali di ferro come il sangue dentro le
1457 947 1567 981 arterie
137 1052 433 1108 del Corpo umano.
151 1124 1569 1180 Noi possiamo guardare ai primi apparecchi e manufatti, in sostanza meccanici, di codesta
129 1196 1583 1262 tecnica e della professione ad essa legata, come si guardano le prime automobili, i primi fonogra-
165 1285 1555 1331 fi, la lanterna magica del cinema, e le altre invenzioni divenute di uso comune sulla moderna
241 1335 303 1365 vita
133 1345 1560 1407 delle nazioni. Guardarle, con l'interesse retrospettivo del visitatore di un museo. I
135 1423 1585 1484 ritrovati, le primitive e rudimentali applicazioni in quella, come nelle altre tecniche dell'arte
121 1503 1577 1562 meccanica, erano quelli che il tempo e il grado di civiltà della società comportano. Erano
137 1578 1567 1634 l'espressione del progresso civile, cioè nell'ordine economico e in quello morale, di uomini
139 1655 1564 1714 nel cui lavoro si riepilogavano le aspirazioni di un secolo, uscito dai più grandi rivolgi-
131 1730 1575 1790 menti politici della storia. Col bisogno di raggiungere un benessere terreno, l'uomo chiedeva
128 1803 1551 1864 di procurarselo in una condizione umana di dignità. L'Ottocento fu modesto e ottimista,
131 1881 1577 1942 dopo la dissipazione rivoluzionaria e poi militare con cui si chiudeva l'"ancien régime". Gli
137 1959 1587 2019 uomini lavoravano, inventando, ricavando gli strumenti del lavoro dalle proprie ma-
135 2035 1549 2089 ni. Gli attrezzi che si crearono, da un blocco di ferro, non erano che la continuazione
