1798 2383
211 432 1585 514 due lembi bianchi di carne, tingendoli di rosso. Io ero fermo, e insensibile. Il
203 510 1619 595 sangue colava, lento, denso, e, si sarebbe detto, ancora caldo. Il suo odore, tanto
201 584 1633 663 era vasto, ricominciava ad avvertirsi. Lady Macbeth aveva bellissime braccia, carnose,
207 658 1615 748 quanto sottili le mani. Alzò le braccia, quasi ripiene, e me le pose sulle spalle. Il
231 731 1611 815 sangue, come dei guanti oscuri, ricopriva le sue mani. Il mio sguardo, inorridito e
211 811 1619 898 calmo, scrutava la macchia che le mani stampavano sulla stoffa. Ma poiché la
209 888 1439 972 veste da camera era rossa, il rosso del sangue non si distingueva che appena.
217 956 1625 1044 Intorno a noi non erano muri, o mobili cui accostarci. Tutto era divieto e inaffer-
201 1052 813 1118 rabile. Soli, in una pianura di sasso.
231 1110 1637 1194 Allora essa mi disse: - “Non aver paura; io non ho paura. Il mio sangue non finirà mai.
221 1186 1631 1274 Questo, su cui cammino, non è che un mare di lacrime, che il tramonto ha tinto
217 1262 1623 1348 di rosso." Dopo un breve momento, disse ancora: “La nostra felicità, troppo grande,
221 1341 1643 1424 meritava questo castigo. Non piangere mai più, io non piangerò. Il sangue si asciu-
209 1425 1103 1502 gherà. Resterà sulla terra un poco di polvere nera."
235 1491 1597 1578 Io risposi in questo modo: “Non piangerò, non potrò mai piangere. Non vedi?
217 1585 787 1650 Non c’è sangue sotto i miei piedi."
235 1641 1639 1720 Quasi non scorgevo più il suo viso. Sentivo il lago di sangue accagliarsi, seccare, e crepare
217 1723 1359 1798 nel secco. La terra era fatta di una sostanza nera, senza colore…"
229 1792 1599 1874 Al mio risveglio, l’uomo, già mio compagno di panca, era sparito. Sedevo, solo,
227 1870 1611 1952 nell’ombra del viale. Il legno della panca era liscio e tiepido. Tram passavano in
227 1972 427 2032 lontananza.
