1798 2479
1511 265 1580 324 2.
209 464 837 510 con la pelle più chiara o più scura.
210 521 1325 581 A riguardare, o anzi solo a ripensare, oggi, il percorso dell'opera
1274 483 1384 535 pittorica
1333 519 1596 581 di Carrà, durata
189 610 1593 659 oltre mezzo secolo, quello che, sopra ogni altra considerazione ci si presenta, è un aspetto
205 684 1625 741 di raggiunta serenità, e di appagamento cosciente nella ricerca quotidiana dell'espressio-
199 758 1619 815 ne, con segni e colori infinitamente provati, tentati e deposti, con l'occhio della mente
199 834 1619 887 rivolto al rapporto costante, all'equilibrio, direi ad una pace instaurata tra i movi-
201 918 1589 957 menti del cuore e la          inquietudine del pensiero umano. Una ricerca, un
200 976 937 1031 bisogno e un'ansia, pacata, di toccare e
931 945 1106 1001 acquistare
955 976 1620 1029 possedere, attraverso il lavoro della pittura
195 1064 1639 1113 la sostanza e le ragioni di una dignità dello spirito, che sorge, di momento in momento,
193 1136 1635 1195 dalle cose che l'uomo compie, dispone, e accarezza nell'immaginazione. Un'arte, quella
193 1214 1627 1267 di Carrà, che in luogo di comunicare un sentimento di compiacenza, un incito a ripo-
199 1293 1645 1343 sare e partecipare dentro una felicità, un agio, una oziosa comodità di spazioe propor-
217 1368 1625 1417 zione delle forme proposte, consiglia e confida la storia di una vicenda, che è quella
197 1444 1589 1495 dell'ascesa dello spirito nella lotta quotidiana della condizione di uomo. Carrà,
193 1505 1192 1567 con il suo lavoro, dal primo giorno fino a oggi, non ha fatto
1194 1471 1252 1533 che
1210 1513 1617 1565 aggiungere e mettere una<
211 1595 1607 1650 parola nuova, un segno di verità, alla trama lunga di codesta storia umana, che si
212 1659 1121 1716 profila e inserisce dentro quella, più vasta, di un'intera
1141 1641 1311 1673 nazione
1135 1659 1608 1709 nazionale, in un periodo della
205 1744 1611 1795 sua civiltà. La pittura di Carrà, quella di ogni tempo e periodo: dalle generose composi-
199 1820 1619 1875 zioni futurista, ricca di una linfa vitale, umorosa come un prato di primavera, alle cose
193 1896 1601 1949 della tarda maturità: i paesaggi scanditi in una pacatezza di ispirazione virgiliana,
185 1976 1627 2029 di tante si può affermare che dichiarano la ferma fiducia, e l'importanza della ricer-
