1798 2427
185 730 551 773 Rimb. et le fascisme:
161 840 757 875 C. Pellini (“tra giacolino ed ebraico"):
153 890 363 931 in quale libro?
161 955 743 1007 Julien Bonfante (?), rif. orale su R.
169 999 729 1045 “Anti-Virgilio" in una conferenza al
171 1047 635 1087 Liceo di Lecce, giugno 1929.
161 1104 731 1145 Attilio Carpi, in Regime fascista: un>
157 1157 739 1199 R. ammiratore della forza germanica, un ni-
177 1199 729 1249 pote di Goethe, ecc. e quasi un antenato
173 1245 379 1279 del fascismo
427 1262 737 1299 Guana d’Abissinia
157 1316 753 1357 Carlo Zaghi: Nuova Antologia, 16 agost.
637 1361 725 1401 1933
155 1377 727 1429 studia la vita di R. in Africa; tende a
161 1421 731 1457 dimostrare la maggiore importanza dei
159 1464 731 1499 viaggiatori o espl. italiani in confr.
145 1508 259 1546 a R.
149 1600 725 1639 Daniel-Rops: il suo Rimb. del 1935
157 1715 625 1753 Carlo Pariani: “Vite non romanzate"
161 1754 739 1797 contro R. continuazione di Nitcsche, ca. e      -
179 1795 709 1835 d’ “ai nemici degli italiani"
827 486 1396 547 Vittorio Lugli, Enciclopedia italiana di
821 537 1375 591 scienze, lettere e arti_ Anno?
819 587 1417 631 “l’influenza del R. sui nemici d’Italia
833 625 1439 677 fu enormemente esagerata; egli cercava
833 671 1443 715 solo il profitto che del resto fu scarso"
831 767 1445 811 “On voit l'embarras du fascisme ita-
829 811 1441 853 lien. Ballotté entre toutes sutes d'in-
825 854 1319 897 terprétations ecc. Etiemble
821 976 1449 1021 Drien La Rochelle (epoca di Vichy.) socia-
821 1030 1463 1085 lista-fascista: R. cioè germanico
826 1124 1466 1185 Mein       Starkie, ispirata dal Foreing Olbiu
833 1192 1181 1225 “ne fa un negriero"
827 1285 1451 1325 epoca di Vichy: R. precursore del M.llo
829 1334 1415 1373 Petain: cattolico e combattente per la Francia ecc.
845 1380 1047 1415 Francia ecc.
