1798 2539
146 315 195 355 5.
149 507 1521 549 pena provato di stringere a sè la bassotta figlia, che si svincola, e scivola, liscia, rotonda,
150 561 1214 618 a inseguire la madre fra le sedie, il tavolo, e gli altri mobili
1055 545 1225 585 della stanza.
1238 563 1521 618 Il piccolo alza la
145 632 1143 693 mano:tozza, fatta di carne, la manina tocca il velluto della
1140 615 1273 657 fanciulla
1163 642 1560 696 bambina. Si sposta di toppa
145 729 1537 778 in toppa. sosta sul rosso, sull'azzurro. La bambina sorride, benevola. E poichè la bambina
142 797 291 847 ha preso
272 775 358 809 dalla
302 784 1539 841 mano della zia la maschera, lieve, e fa l'atto di collocarla sul suo viso
139 863 1152 918 rotondo: anzi la mette e la cava,        alternando quel volto
1077 843 1193 875 di carta
1161 863 1519 922 a segni rossi e neri al
139 955 1517 1002 suo, di tratti appena rilevanti, sensibili, delicati, il piedino si confonde, forse si annoia.
139 1031 1521 1078 E distoglie gli occhi dalla cugina. Si volge altrove. Sposta a scatola di cartone. vi sono cenci,
157 1105 1351 1148 frammenti di giocattoli, parti di automobili, di locomotiva di latta, astucci
1307 1077 1388 1110 vuoti
1355 1109 1525 1152 di medicine
145 1187 1549 1222 cartoline, vecchie fotografie. Ne cava la cosa che cercava. E una piccola serratura: un rettan-
151 1270 222 1301 golo,
171 1227 279 1259 di ferro
222 1263 1571 1307 quasi una scatoletta di ferro, con la sua toppa, e i fori dei chiodi. Il bimbino la guard-
141 1335 1327 1380 da, con affetto. Il più bello, il più desiato dei suoi giuochi. Il più misterioso.
171 1412 1505 1460 Le due zie, la mamma, la nonna stanno intorno alla bambina, commentando,
151 1491 1549 1527 giudicando. E già parlano d'altro. Anche la bambina presenta che il divertimento, il nuovo
157 1567 1254 1607 giuoco sta finendo. Per mettersi più comoda si toglie la casacchina
1089 1529 1227 1563 casacca
1254 1567 1571 1607 a mandorle. Le restano
153 1643 1120 1679 i pantaloni, sotto una maglietta gialla limone. Raggiunge il
1109 1593 1243 1633 fratello
1120 1645 1523 1680 intento a
1395 1607 1513 1643 riunire
131 1721 478 1757 vagoncini ferroviari,
483 1683 663 1715 automobili
478 1721 1553 1755 da corsa, la pompa dei pompieri con uno spago. Fini-
143 1790 1563 1838 scono il loro gorgoglio di parole sotto il tavolo. Da una porta, improvvisamente spalancata
139 1865 1567 1912 s'affaccia il più piccolo dei tre. Allunga a qualcuno, o nesunno, il suo oggetto di ferro.
137 1945 1535 1985 Il cielo, già serale, s'imbianca, s'agghiaccia, macchiato di nuvole maestre, simili alle
127 2007 321 2061 bruciature
277 1987 433 2021 del fuoco
321 2004 1157 2059 su di una lastra di metallo. Carnevale è corto.
199 2179 463 2224 20.2.958.
