1798 2473
163 274 201 326 3.
168 451 1598 506 lità, di Guillaume Apollinaire. E un Apollinaire si innamorò per inscindibile destino
168 528 1602 582 dell'arte e della poesia, per così dire, qualcosa che sembrò il ripetersi storico del caso - mi-
150 604 1600 654 racolo di Baudelaire. Apollinaire: il più vero, il più autentico dei poeti francesi, che conclu-
154 680 1594 727 de con lo sfolgorio d'oro il tramonto della "grande giornata" della poesia francese, dopo Rim-
174 764 1560 800 baud, dopo Verlaine, dopo Mallarmé. All'indomani della fine di Apollinaire, il cielo di
168 832 1455 886 Francia, come a volte succede, rimase offuscato, e sembrava incerto sulla stagione da
1454 804 1552 838 venire
1457 834 1576 880 scegliere.
162 911 1576 953 Apparvero in quel cielo antico, costellazioni e fantasmi siderali, lasciando segni e punti
158 982 1075 1032 luminosi, che non indicavano niente di certo sul tempo
1063 957 1162 993 futuro
1076 982 1570 1030 a venire. Della vita: dell'esistenza
158 1058 1600 1106 di Apollinaire, dei suoi sogni, delle avventurose imprese della sua fantasia, si sa tutto; anche
154 1132 1558 1184 troppo. E i biografi non hanno trascurato di mettere in rilievo, di riesumare ogni traccia
154 1210 1588 1262 dei suoi rapporti, degli incontri, dei generosi sforzi, da lui compiuti, per far conoscere l'arte
154 1294 1564 1336 del suo tempo, per mettere in luce, con genio anticipatore, quello che gli artisti, vicini a lui,
154 1372 1034 1410 affermavano proclavano con le loro opere. Quasi
920 1338 1036 1372 nessuno
1034 1370 1598 1405 fu da lui trascurato, non osservato. Così
166 1438 1596 1486 noi vediamo la vita di Apollinaire, continuamente affacciata e partecipe ad uno straordi-
154 1524 1243 1558 nario festino della poesia, concludersi chiudersi dentro uno sfondo,
1235 1488 1300 1520 dove
1243 1524 1570 1556 un coro rappresentato
150 1598 1493 1632 dagli uomini dell'arte: dal più illustre e clamoroso al più modesto, i quali ripetono
1370 1556 1464 1592 ripete
1493 1598 1584 1630 il gesto
166 1666 756 1719 la parola, l'invocazione del poeta:
242 1743 388 1790 Il y a
359 1716 417 1746 là
388 1739 1154 1790 des feux nouveaux des couleurs jamais vues
242 1816 780 1864 Mille phantasmes impondérables
234 1888 910 1940 Auxquels il faut donner de la réalité
244 1962 1392 2018 Nous voulons explorer la bonté contrée enorme où tout se tait
