1798 2501
148 275 214 325 5.
154 463 784 526 un ronzio d'aria dentro una conchiglia.
162 540 1576 600 Sono parole, quelle di Valeri, colte sul filo del sentimento e del ricordo. Che bisogno hanno, le
154 620 1596 681 parole, di colore? Basta un disegno, la traccia di una forma, che ora è ferma, ora trema come
160 696 1592 752 larva d'immagine. Così nascono, nella pagina, figure e visioni. Quando le figure anima-
152 768 1574 832 no la visione, si compone un quadro, quasi una favola che il cuore racconta. Indimenticabile, in
146 842 1228 908 un libro precedente (*), quella dell'angelo: La metamorfosi dell'angelo:
388 925 1004 983 Se mi sporgo a guardare dentro il pozzo
388 998 1050 1053 degli anni morti, vedo, in fondo all'ombra,
390 1072 956 1130 dilatarsi il chiarore di un mattino
390 1146 926 1206 azzurro e bianco; e te, viso di perla,
378 1224 716 1282 occhi di ambra dorata,
390 1300 886 1356 splendore, luce nella luce,aroma
386 1375 792 1434 verità del divino amore,
388 1453 684 1514 dolcissimo Angelo.
386 1528 776 1586 Ma qui, se qui ti cerco
390 1604 814 1660 fra terra e cielo, in questa
382 1679 894 1735 serenità del tardo tempo, nella
374 1757 896 1812 limpidezza del dì che si fa sera,
384 1829 818 1893 più non ti trovo, e invano
382 1909 680 1965 t'invoco, Angelo.
198 2055 930 2124 (*) "Il flauto a due canne", Mondadori, 1958
