1798 2473
1566 267 1617 317 8.
194 442 1592 504 nay Terck ont fait une première tentative de simultanéité écrite où des contrastes
202 519 1569 576 de couleurs habituaient l'œil à lire d'un seul regard l'ensemble d'un poème,
210 598 1632 654 comme un chef d'orchestre lit d'un seul coup les notes superposées dans la part
210 677 1634 730 tition, comme on voit d'un seul coup les éléments plastiques et imprimés
202 751 1646 810 d'une affiche". E vi si quanto segue: "L'idée de simultanéité préoccupe
202 827 867 890 depuis longtemps les artistes; en 1907,
885 825 1652 880 déjà, elle préoccupait un Picasso, un Braque,
212 899 1644 968 qui s'efforçaient de eprésenter des figures et des objets sous plusieurs faces à
210 975 1610 1038 la fois. Elle a préoccupé ensuite tous les cubistes et vous pouvez demander à
218 1053 1644 1110 Léger quelle volupté il éprouvait à fixer un visage vu à la fois de face et
218 1129 1646 1190 de profil. Cependant, les futuristes étendirent le domaine de la simultané
206 1213 308 1266 ité."
240 1279 1626 1340 È nella stessa rivista, che Apollinaire dirigeva, che erano stati pubblicati, pochi mesi mesi,
210 1357 1620 1420 in perfetta successione cronologica, i componimenti denominati: Lundi rue Christine
202 1433 1640 1496 Rotsoge, Prophéties, 1904, L'Anguille, e la Lettre-Ocean, che, nel maggior rischio
214 1509 1640 1568 dell'espressione formale, giunta alla completa dissociazione dell'idea e del sentimento,
216 1583 1638 1642 tocca un'eguale conclusione "figurativa", com'è dato di rilevare nella pittura dei pittori
210 1657 1616 1722 che Apollinaire ha ricordato nel suo scritto programmatico di poc'anzi. Conviene poi
206 1732 1596 1794 avvertire inoltre che i fascicoli della medesima rivista: Les Soirées de Paris erano le
220 1813 1616 1878 palestra, o il campo di manovra, dove Apollinaire illustrava l'opera degli artisti suoi
220 1902 1642 1944 contemporanei, in piccole antologie di riproduzioni che riguardano: Picasso, nelle na
218 1982 1261 2020 ture morte 1912-1913, composti di legno, stoffa, latta, cartoni e
1222 1944 1360 1978 cordicelle
1261 1976 1638 2012 corda; Henri Rousseau
