1798 2473
1543 263 1590 364 10.
206 415 1603 513 qualche pittura degli artisti, coi quali era cresciuto nella sua vita che fu una specie di
206 528 683 603 eroica lotta per la poesia,
578 482 942 540 di combattimento generoso
683 513 1645 594 per l'arte nuova degli uomini nuovi: la grande tela della Lau-
212 581 1616 679 rencin che raffigura il poeta e i suoi amici; l'Homme à la guitare di Picasso; il ri-
206 663 1599 746 tratto "premonitore" dipintogli da De Chirico: le portrait - cible, col pesce -metafisico
199 746 1655 820 di latta. I disegni, gli acquerelli di Vlaminck, di Derain, di Dufy. Il ritratto di Apol-
208 820 1639 900 linaire in divisa militare, di Picasso, bello come un Ingres. Qualche maschera, qualche sta-
210 889 1201 974 tuetta negra. E, fra i libri, una testa di pietra, di Brancusi.
444 1951 652 2065 3. XII.1960
