1798 2501
1544 287 1604 337 2.
190 469 1596 537 infinita dolcezza ed equità umana, alle vicende, all'implacata rissa degli uomini
186 542 1622 611 nel mondo. L'uomo, si può pensare, ha scelto di parlare agli altri, col mezzo della poe-
194 622 1636 683 sia: la più quieta, affidabile, domestica, fraterna delle poesie in versi, convinto o fiducioso
186 693 1578 759 che fosse il mezzo e lo strumento, più umano. Quello più inerme, in un tempo di
188 771 1602 837 rosse passioni, di parole insensibili. La poesia di Diego Valeri ha visto accadere le due
202 849 1632 915 guerre del secolo, e lo spazio in mezzo alle due, e quello, più desolante ancora, che si prolun-
196 926 1620 997 ga dopo la seconda; e ci avvilisce tutti. Solo questo uomo è sereno, che, con gesto di-
186 999 1628 1064 screto, e aiutando le parole con un'attenzione di ordine musicale, può, ogni tanto,
200 1091 1618 1140 prendere la penna e comporre i suoi fragili componimenti in versi. Piccole composi-
196 1165 1182 1208 zioni, costruzioni dove, la luce, l'aria e il respiro di chi le
1182 1164 1632 1200 elabora
1168 1132 1296 1164 lavora , sono la parte maggio-
188 1225 1612 1289 re, o sono il vento e l'ombra sonora di un disegno, di un'armatura che è fatta, di volta in
182 1303 1082 1367 volta, di un pensiero impreciso, di un'impressione, di
1056 1283 1124 1312 un
1081 1301 1622 1359 nulla che è trapassato, fulmineo, dai
188 1379 1586 1445 suoi occhi al cuore, alla mente. Poiché il movimento iniziale, la prima operazione, in
186 1451 1630 1523 codesta poesia, è quella di chi, alzando, girando gli occhi, vede e sente. Così di tanto
1597 1421 1631 1471 in
188 1533 1265 1595 tanto, per non lasciare che proprio ogni cosa si perda e si confonda,
1250 1508 1374 1545 laggiù
1265 1532 1622 1587 dalle parti dell'orizzonte,
198 1602 1618 1675 egli tenta il gioco sereno delle parole. Sereno è il "giuoco" poetico di Valeri, per una
204 1689 305 1751 piega
271 1672 334 1692 non
305 1679 1634 1741 del temperamento, ma per un giudizio antico in lui, per un pensiero a confron-
194 1755 1608 1823 to continuo fra gli aspetti immutabili della realtà di ogni minuto e l'aspirazione
190 1832 1340 1903 del cuore ad avere la sua parte di felicità. Dal giudizio, dal confronto, da
1342 1829 1644 1884 questa interna lotta
190 1910 1620 1973 condotta in privato, l'abitudine ad un viso spianato, l'acquisto (doloroso, forse) di una
204 1986 1655 2053 pacatezza, di una serenità, che tingono di chiaro, di azzurro gli occhi di un essere umano.
