1798 2471
1528 297 1587 349 2.
233 425 1639 481 mente luttuoso. Poi vengono le giostre. Quella con le carrozzine volanti, a montagna russa. Le
237 497 1635 557 carrozzine, salendo verso il cielo, oscillano, come in un’altalena. Qualcuno le occupava, mandan-
229 575 1619 633 do nel tempo della discesa le consuete grida di allegria, di finto spavento. A pochi passi,
227 649 1637 711 l’altra giostra: quella antica, affettuosa, con i cavalli di legno. Finimenti, cinghie, parocchi
229 727 1655 782 sono di legno ricoperto d’oro. Le briglie, che il fanciullo regge, sono i cuoio. Girano i cavalli-
213 801 1649 865 ni intorno intorno al suono ineffabile della musica. Una musica di fonte vegetale,
216 870 393 922 percorsa da
375 838 432 890 un
405 870 1644 922 chiocciolio di acqua nascosta. Il tiro al bersaglio risuona, un suono perduto e
217 953 1639 1011 solitario, di coccio spaccato. Noi due si andava alla pista degli automobilini. Sono quelle
233 1027 1639 1083 cassette di lamiera, a foggia di automobile minuscola, che mosse da un poco di elettrici-
219 1107 1645 1163 tà, corrono, sbandano, cozzano nelle sponde di legno, o fra di loro. Un razzolio, un russa_
221 1181 1639 1237 re, quasi, di quelle carcasse infantili sul pavimento di bandiera. Sprizzano minute scin-
217 1257 1639 1315 tille, e le risa, i richiami, dei guidatori. La padrona era una giovane donna. Silenziosa,
217 1332 1637 1387 si sposta da un lato all’altra della pista, con rimando lieve sulla lista, uno stretto marcia-
227 1411 1603 1473 piede di legno. Di lì, allunga il biglietto ai clienti, ritira il denaro che introduce in
217 1493 1643 1537 una borsa di cuoio. Sottile, pallida i una ragazza come se ne incontrano nei paesi emi-
219 1553 1570 1614 liani presso il Po. Lei e il marito erano, difatti, di qualche parte, fra la campagna
1465 1549 1547 1585 bassa di
1577 1564 1613 1614 di
221 1637 767 1693 Reggio e la pianura mantovana.
247 1711 1617 1767 Camminava, su quel breve margine, presso la ringhiera di legno, oscillando appena sui
229 1787 1627 1847 tacchi alti. L’ora notturna metteva un senso di freddo. La ragazza si stringeva nel golf
217 1863 1611 1915 di lana verde. Guardava intorno, come senza vedere. Fissava, lì di fronte, il bianco
227 1941 1615 1997 gessoso della fila di pipe del Tiro al bersaglio. La fila trema, scossa dall’aria, sospesa
