1798 2479
195 308 276 365 13.
179 451 1553 508 minerale delle rocce, col risultato di un effetto tragico e patetico insieme. I paesaggi della
161 527 1571 584 Valsesia (tra il '24 e il '25), corrispondono ad un momento di ripensamento, ad un richia_
164 607 1596 661 mo, quasi nostalgico, del cuore lombardo di Carrà verso la potente voce di Cézanne. Cézan_
157 683 1101 733 ne, è certo, ma temperato dentro una dolcezza, una fluidità,
933 649 1159 689 una liquidità
1124 678 1580 730 di immagine e di materia, deri_
166 752 1573 806 vata dalla pacata elegia dela pittura lombarda e di quella toscana del Fattori; o d'altri. Si
161 829 1571 888 direbbe che il sentimento poetico di Carrà, in tali frangenti, attinga ad un elisse, in cui presi,
169 907 1571 962 in parti diverse, qualcosa di Corot: un Corot rinfrescato ai venti padani; qualcosa del vecchio
173 983 1583 1040 e indimenticato Rousseau; un poco di Cézanne, e perfino una briciola di Ranzoni-dei-laghi.
165 1057 1583 1116 La miscela è altamente tonica per lo spirito, e fa l'effetto, all'imporvviso, di una cadenza, di
165 1131 1037 1188 un motivo di melodramma verdiano, ci colga per istrada.
167 1209 1553 1270 Da allora, per altri trent'anni ancora, e di più, il lavoro di Carrà è continuato, e continua,
161 1286 1587 1342 con l'assidua armonia, appena sorda, come di un lavoro che si compia nella materiale, quo_
171 1355 1522 1409 tidiana applicazione di un metodo. Un metodo di sola poesia, in una paziente, ostinata
1363 1343 1501 1379 ricerca
1527 1360 1594 1420 della
183 1435 1549 1496 poesia attraverso la pittura. Ci sono opere, che spiccano là in mezzo, e chiedono d'essere ricordate
169 1513 1577 1565 prima di altre, loro sorelle; come ad esempio: Canale a Venezia, del '26; il mondo di forma, che ha
171 1584 1587 1638 nome di Lucia, del '27; Mattino al mare, del '28; la Foce del Cinquale, del '28; la Seghe_
159 1664 1593 1716 ria dei marmi, del '28; San Giorgio Maggiore, e il Bacino di S. Marco, del '32; Marina
169 1738 1554 1798 di Carrare, del '30; e ancora paesaggi veneziani, e della riva toscana del mare Tirreno, con
163 1813 1577 1867 l'intervallo di composizioni di figure, di nature morte. Era l'anno 1942. Ritornan_
165 1891 1577 1952 no, dopo molti anni, a cercare e salutare il nostro amico Carrà. Era il tempo dell'ultima
189 1965 1591 2030 guerra. Carrà lavorava ad un dipinto, che in seguito egli ha denominato: La Loggia. E' un porti_
