1798 2471
152 273 196 323 8.
141 414 1565 472 bo non rifiuta del tutto i dubbi, condivide l'attesa senza disperazione del compagno. Allega le sue ra-
145 497 1567 548 gioni, diremo, di scienza. Non senza concedere agli argomenti di una fantasia, che sta fra la delatazione
146 563 1195 616 della logica e i suggerimenti della speranza."... che puoi tu sapere, dice
1155 545 1275 577 Colombo
1203 561 1582 614 , che non sia tutto accurato
138 637 925 696 da un mare amico e immenso? o che in vece di terra,
881 615 1085 649 e anche di terra
940 643 1576 696 e d'acqua, non contenga qualche altro elemento?
137 716 1565 778 Dato che abbia terre e mari come d'alta, non potrebbe essere che fosse inalitato? anzi inalitabile?
145 794 1574 856 Facciamo che non sia meno alitato del nostro: che certezza hai tu che vi abbia creature razionali,
157 868 1577 924 come in questo? e quando         ne abbia, come ti assicuri che siano uomini, e non qualche altro
159 944 1577 1002 genere di animali intellettivi? ed essendo uomini... Queste cose vengo pensando fra me stesso...
151 1018 1547 1074 Ecco che noi veggiamo cogli occhi occhi propri che l'ago in questi mari declina dalla stella per un
145 1094 1583 1150 piccolo spazio verso ponenti, cosa noiosissima, e infino adesso inaudita a tutti i navigatori; della quale,
149 1172 1579 1230 per molto fantasticare, io non so pensare una ragione che mi contenti." Qualche ragione del calcolo,
145 1246 1573 1299 dei disegni e speculazioni di "geografi, astronomi e navigatori eccellenti" insiste ancora. Ma chi può
137 1324 1573 1382 essere certo di una verità matematica di fronte alla potenza della natura? E tu, dice Gutierrez: "Di
147 1396 1557 1456 modo che tu, in sostanza, hai posto la tua vita e quella de' tuoi compagni, in sul fondamento di
137 1476 1577 1533 una semplice opinione speculativa." È  la domanda del buon senso umano. Colombo non indugia
147 1552 810 1604 a rispondere:" Così è. non posso negare."
149 1626 1563 1684 La sostiene la          amarezza, l'esperienza di ogni cosa umana, il calcolo dell'inutilità finale,
149 1702 1569 1758 misurato dalla mente di Leopardi. "Ma, lasciando da parte che gli uomini tutto giorno si mettono a
145 1778 1555 1838 pericolo della vita con fondamenti più deboli di gran lunga, e per cose di piccolissimo conto, o anche
137 1854 1579 1914 senza pensarlo; anzi dura un poco." Ed, ecco, incalzanti, le ragioni del calcolo, della misura, della
147 1933 1563 1988 certezza, ormai, della fragilità e inconsistenza umana. Se " non fossimo in su queste navi, in mezzo
