1798 2427
205 482 1621 549 cratère de volcan éteint et comblé an fond par le sable de la mer. On n'y voit
195 559 1637 629 et on n'y touche donc absolument que des laves et des sable qui ne peurent prodaire le
197 640 1638 702 plus mince          végétal. Les ervirons sont un désert de sable absolument aride.
197 713 1613 778 Ici les parois des cratère empêchent l’air d’entrer, et nous rôtissons an fond de ce
189 786 1655 856 tron comme dans un four à chanse</gap>. Il font être victime de la fatalité pour s’em-
207 868 1105 929 ployer dans des enfers pareils." In simili inferni.
205 942 1601 1004 Al principio dell’83, Rimbaud, d’accordo con Monsieur Bardey, progetta un nuovo
191 1019 1661 1085 viaggio, e una sosta nello Harrar. Nel marzo, scrivendo ai famigliari, accusa ricevuta, con
209 1100 1648 1152 compiacimento, di una cassa con i desiderati libri tecnici. Con i libri, una macchina foto-
204 1176 1641 1229 grafica. I libri, dice, mi saranno preziosi in una contrada dove ci si sente “bestia come un asino".
204 1246 1644 1305 E aggiunge: “Les jours et les nuits, surtout, sont bien longues en Harar, et en bouquins
209 1327 1623 1377 me feront agréablement passer le temps. Etc. Je compte, d’ailleurs, faire un curieuse
200 1398 1625 1455 album de tout cela". Calcolo di ricavare un curioso album da tutto ciò. Non se ne sa di
207 1479 1653 1532 più. Sta di fatto che, anche in Africa, Rimbaud non dico coltivava, non si asteneva dallo scaraboc-
205 1549 1615 1612 chiare la carta con disegni. Rimane una veduta di Aden, e il gruppo più compatto dei disegni
191 1622 1609 1689 tracciati in Abissinia, nell’87. Dunque nell’aprile Rimbaud si ristabilì nella fattoria
201 1702 1649 1760 Bardey dello Harrar. Il lavoro era più tranquillo, e “l’aria vi è buona, e c’è del verde".
206 1780 1631 1832 Ha tutto il tempo di applicarsi alla sua macchina fotografica. Pare che si dilettasse di ri-
195 1852 1630 1922 trarre i capi Galla, che offrivano “una ghinea per fotografia". È certa almeno, di lui, una
209 1936 1661 1986 fotografia, una probabilmente delle due che egli accompagnava con la lettera del 6 maggio ‘83.
211 2013 1658 2063 Quella resa nota dalla Errid Starttie. Rimbaud è in piedi, presso un torrente, a piedi scalzi.
