1798 2383
177 302 241 352 6.
169 478 602 533 subito del verde delle siepi,
605 435 637 489 e
623 467 1566 526 degli orti. Orti e coltivati           , premevano sul giro delle
173 543 1561 608 Mura. Ancora rimangono, perse tra le nuove costruzioni, traccie di codesto tempo, e delle sue
167 621 1609 686 case così cariche del significato della terra e dei suoi abitatori. E la traccia è rappresenta-
163 697 1607 766 ta in due diversi modi. Dalle basse, tozze case, tinte di rosso carota, di giallo pannocchia,
135 771 1547 842 coi loro intonachi scorticati, come di cuoi spelati e crepati, che più tengono delle
175 857 1601 905 case di campagna e di pianura.             coloniche con il muro di cinta rico-
179 930 1104 989 perto di rampicanti a foglie dense e rimpolverate, degne
1089 899 1253 934 compagne
1127 923 1599 975 di tutte quelle seminate
186 1002 467 1061 nelle campagne,
397 983 497 1013 sepolte
486 1000 1610 1052 ai bordi delle coltivazioni di grano e di canapa. Ma c’è altro. Basta
169 1073 1573 1136 riandare con la memoria al quartiere dei mulini, delle concerie di pelli, ora in parte
169 1151 1609 1212 demolito, tra il canale di Reno e il canale Naviglio: in via del Porto, in via Azzo Gardino. Sono
165 1227 1609 1288 casamenti alti, di cupo mattone mangiato dall’umidità del canale. Visti all’improvviso, sem-
171 1301 1619 1364 brano le case alte e dirupate d’Appennino, colorate sul fiume, quasi a contenere le acque nelle
169 1375 1585 1442 stagioni delle piogge. Come case ricavate dal sasso. Su tali costruzioni, insolite alla pianura, già
161 1451 1595 1518 altissime, sovrastano torricelle e alture, dove asciugare le pelli e i sacchi di tela al sole. Sotto di
171 1531 1601 1595 loro, e dentro di loro, in cunicoli e canaletti corrono precipitose le acque, in un musicale, assorto
183 1605 1589 1676 fragore di montagna. Nelle notti serene, la luna         nei trafori delle terrazze e le stelle sono di
175 1687 819 1750 diamante come sulle alture appenniniche.<lb/>
173 1756 1599 1820 Così Bologna e l’Emilia accoglie ancora i segni materiali della vita di uomini, destinati
173 1840 1599 1889 ai lavori antichi della terra, tra la pianura e la montagna. Passano gli uomini, di generazione in
188 1905 1503 1966 generazione e di loro non resta che il ricordo palpabile e severo, sui muri, sulle pietre
1395 1871 1543 1905 sulle travi
1513 1901 1608 1955 di case
183 1997 337 2046 e di case
