1798 2383
195 313 241 363 3.
175 461 1603 526 un piano, con l’aria di fienili trasformati in stanze, trapela il ricordo di primitive stalle.
172 538 1051 598 Mentre da un lato la stradetta mostra d’essere il retro,
995 513 1160 544 e il fondo
1054 537 1560 598 di palazzi, di dimore signorili,
171 612 1571 680 nell’altro sono casupole con cortiletti ora silenziosi, dove un tempo batteva lo zoccolo
177 690 1547 756 dei cavalli di porta. Risonava l’anello di ferro fissato al muro, allo strappo della
173 778 1577 823 bestia nell’atto di cacciare le mosche. Di qua gli ultimi barbacani a regger terrazzi di<
172 859 300 911 mattoni,
257 821 663 859 corridioi murati e pensili,
312 840 1584 897 massicce fiancate dense, robuste di tempo e di quiete signorile, e sui terrazzi
179 914 1589 984 le biancherie dimenticate dai domestici chiusi in cucina. È l’ora che i padroni fanno
169 989 1541 1060 il sonnellino. Dall’altra parte, casette, magazzini, e stalle. I tetti sporgono, bassi,
171 1064 1593 1130 sul passante. Ma delle antiche stalle, dei fienili che lasciavano cadere ciuffi di fieno sulla
179 1144 1583 1208 strada, non vedo traccia. Saranno depositi, abitazioni di artigiani, d'impiegatucci
177 1216 1587 1286 bottega       . Una di verniciature, coi campioni di vernici  e di colori <gap reason="illegible" quantity="10" unit="character"/><lb/>
161 1292 1613 1362 interno. Una di falegname. Un’officinetta per la riparazione di biciclette. Una bottega di caroz-
169 1372 1605 1446 -zaio, con qualche grande ruota tinta di rosso, appoggiata al muro. Solo segno di una vita,
183 1447 1611 1516 di una civiltà passata, Travolta dal progresso. Il progresso delle macchine. Le macchine, rombanti>
173 1521 1609 1594 di motori, attendono, trascorrono, volano in un frastuono, qui a pochi passi, in Strada Maggio-
165 1616 223 1672 -re.
177 1670 1603 1744 Ormai è spiovuto. Il cielo è oscuro, opaco ancora di umidità. Prima di notte può darsi che
169 1748 1609 1818 ripiova. L’itinerario, la passeggiata alla ricerca delle vecchie case dove alloggiano i borghesi,
171 1822 1611 1894 il popolo minuto, gli operai, i piccoli commercianti di Bologna, continua nelle vie, nelle
179 1899 1595 1970 strade, nei vicoli stretti, come canali e fossi scavati tra le murature su cui sta il cielo. E il
175 1976 1621 2048 cielo, contro ogni previsione, si rischiara. Perdendo il grigio del tempo di pioggia, ritorna l’azzur-
