1798 2531
168 588 610 644 Chi vivendo e lavorando
237 559 593 607 si trova a vivere e lavorare
551 535 608 571 per
603 493 675 526 circa
613 529 838 566 mezzo secolo
623 594 1233 648 nella medesima città (che è anche la
1221 568 1293 603 sua
1260 594 1551 645 città nativa), ha
151 671 1575 722 impiegato la propria attività, e le risorse della propria esperienza, in un solo e me-
155 749 1577 802 desimo lavoro, è forse in grado di riferire qualche osservazione su questa profes-
157 821 1555 878 sione: una professione materiale, e sui mestieri ad essa affini, per quello che è dei
149 899 1565 948 riflessi storici di essa, del suo destino, del suo avvenire, ammesso che ne abbia. Il
157 959 1581 1022 sottoscritto fu allevato ed educato a lavorare: cioè a produrre e fabbricare, oltre che a com-
147 1049 1569 1100 merciare, oggetti e manufatti utili al benessere, al godimento tranquillo della vita do-
145 1125 1557 1176 mestica, e alla convivenza comoda e salubre di persone in locali di abitazione civile e di
151 1203 1571 1258 lavoro collettivo, ecc. Il secolo scorso: l'ottocento, con l'eredità di principi sociali di
155 1275 1581 1326 una morale che fu chiamata umanitaria, e che si potrebbe definire semplicemente: ci
155 1360 1575 1403 vile, aveva praticamente sollecitato l'inventiva artigiana alla costruzione e fab-
156 1422 636 1488 bricazione di quegli attrezzi,
493 1401 637 1435 accessori
629 1430 1571 1480 strumenti o mobili che meglio scrissero a codesto giusto
141 1505 1527 1556 scopo. Una delle branche di quell'infinita attività furono gli oggetti e gli apparecchi
151 1581 1575 1630 adibiti al riscaldamento delle case civili, degli edifici di uso pubblico. In questo ramo del-
152 1644 736 1728 la modesta industria urbana, furono
690 1644 1565 1705 applicati il lavoro, e le attitudini della mia famiglia,
151 1731 1567 1786 e quindi le mie. La particolare esplicazione di codesta industria, che fu chiamata generica-
156 1809 772 1859 mente: fumisteria, e che si appoggiava
707 1781 805 1812 in parte
775 1809 1576 1862 alla pratica edilizia e in parte si giovava della tecni-
137 1883 1523 1934 ca vastissima della meccanica, aveva di necessità una rete continua di rapporti con altri
137 1960 1575 2016 mestieri, o professioni; tutti, in quegli inizi, di portata artigiana, come era la fumiste-
133 2037 371 2090 ria medesima.
