1798 2450
212 485 628 545 Il Conrad di Jahier.
184 565 1568 639 Saranno quindici, o meglio: vent'anni che, andando a trovare Jahier nel suo uffi-
178 640 1540 699 cio della Sezione Lavori di Bologna, lo trovavo ad annotare un'edizioncina
180 713 1562 775 economica inglese un romanzo di Conrad. Teneva una mano nel dizionario. Ra-
174 789 1566 853 dunava, a parte nel tavolo, le pratiche dell'ufficio. Aveva appena detto all'usciere:-Per
166 869 1558 922 favore, mi lasci stare un poco. Sono con questo amico.- Erano gli anni di Monaco. Il
166 938 1546 999 duce correva attraverso l'Europa. Noi si guardava nel giornale le fotografie. Si parlava,
172 1017 1566 1083 ci si sfogava. Poi si veniva a Conrad. Io l'avevo, alla meglio assimilato, dalle pri-
162 1092 1568 1159 me trascrizioni francesi; seguita la vicenda critica attraverso la rivista di Reviére, provan-
156 1169 1558 1233 do, attraverso gli intelligenti mediatori francesi, qualche appozzo di interpretazione mia.
166 1241 1568 1303 Jahier, spirito lento e profondo, lo aveva lasciato entrare dentro di sè, direttamente dagli
170 1319 1540 1381 originali. Ma fu nei primi anni di guerra (dell'ultima guerra), quando il suo esercizio
157 1401 1542 1453 nella lingua inglese si fece più continuo, che egli mi fece capire di    voler lavorare
154 1472 1566 1539 su Conrad. Tradurre un autore, per Jahier, ha significato sempre l'approfondimento di
154 1550 1558 1611 un suo periodo di sviluppo culturale, o la conclusione di un tempo di studio e insie
142 1625 1568 1687 me di crisi morale. Così è stato con Claudel e Péguy, così con Proudhon. E così, infine,
166 1701 380 1755 con Conrad.
170 1773 1528 1839 Per Jahier, in certo senso, doveva essere cosa predestinata. E in fondo, se si pensa alla
160 1851 1566 1911 persona, che è Jahier, si può credere che, se non fosse stato alpino, sarebbe stato mari-
158 1923 1544 1984 naio e navigatore. Sta di fatto che è nato a Genova e la sua infanzia è stata nel mare.
144 2004 1566 2065 Gli stessi suoi modi: discreti, cauti, perfino silenziosi, quelli di un capitano di lungo-corso
