1798 2450
158 490 1552 530 ha rinnegato la felicità cromatica, ecc. Quanto lontano dalla potenza Dannier: perfino da
170 550 1442 611 Lautrec. Per cui si pensa che la sua immagine plastica, nata nel segno degli ultimi
1426 534 1528 568 grandi
1454 557 1565 607 grafici
164 640 1558 679 alla Forain, alla ecc., si ricolleghi ancora ai modi, e all'ispirazione, all'incli-
170 693 1568 755 nazione castigatrice stilisticamente delle mode e delle estetiche più recenti.     Affi-
158 779 210 832 ne,
172 759 242 792 ancora
227 780 1571 832 proprio così, a Gork,      ma con in più l'esperienza della pittura. Massacrante eserci-
157 854 459 908 zio. Sta di fatto che
450 834 554 866 Maccari
473 850 859 912 è ripassato da Bologna,
794 832 974 866 questi giorni,
875 854 1536 914 con la compagnia dei suoi cartoni, delle sue
162 931 1365 986 tele, disegni, incisioni. Ci siamo rivisti e rallegrati. - “Sempre in gamba,
1290 906 1458 938 giovanotto
1380 932 1571 984 ! 98! clas-
154 992 426 1057 se di ferro”. _
