1798 2450
186 480 612 535 Con Maccari, a Bologna.
184 551 1540 609 Il suo lavoro si svolge continuo, senza interruzioni, da più di trent'anni, fermato
172 630 1536 690 giorno per giorno, quasi ora per ora, nella carta, sui taccuini, dove capita, come il
182 706 1554 761 il diario grafico, in figure di uno scrittore-pittore.Fermato, appuntato, rapidamente
164 782 1574 838 nell'oppresione, ma in seguito a riflessione: di quelle riflessioni che continuano, e ritornano
172 858 1584 916 col ritmo dell'ossessione. Diario in figure, come avrebbe potuto tenere un Jules Renard
164 942 1550 980 che tenesse in mano la matita. Una medesima intima osservazione. O come quello che teneva,
169 1009 527 1062 incidendo col temperino
456 984 704 1016 sulle spallette
544 1003 1560 1056 sui pilastri del Ponte Nuovo il parigino Retif: e sono le traccie penose
166 1084 1584 1142 della sua intensa autobiografia. Mes inscriptions: le chiamava l'autore del “Pornographe”.
154 1162 1586 1216 Pare di vederlo: al tramonto, con l'ultima luce nel cielo sbiadito, piegato a scalfire il
164 1238 1582 1294 per scrivere, tra un ricordo, un nome di donna; una delle tante. Così Maccari è venuto colle-
162 1314 1576 1370 zionando, classificando le categorie dei suoi motivi consueti: donne, donnone e fanciulli;
166 1390 1542 1442 donne svestite e in abito da sera, in cappellino da passeggio; uomini: attempati e giovanotti,
166 1466 1572 1524 in maglia, in camicia, in mutande, con tuba e colletto; militari: generali e soldati, con
158 1540 1558 1596 spade, sciabole e bottoni; preti e gerarchi; personaggi ministeriali e politici, ecc. Tutti,
150 1618 1572 1674 in ogni caso, visti e studiati come esemplari di una specie o categoria, rappresentati nelle infi->
152 1691 1586 1754 nite loro varietà: dal naso alla pancia. A guardarli, a passarli in rassegna, si ha l'impres-
164 1770 1570 1824 sione della pazienza maniaca e spietata dell'entomologo. Per cui si cerca, sotto la veste
154 1844 1554 1898 o il cappello, la capocchia dello spillone che li ha fissati nella scatola. (Che è l'impressione
160 1919 1380 1980 provata nel leggere i lunghi repertori di tipi umani elencati da Renard.)
172 1994 1564 2052 Caro e triste Renard! In confronto all'applicazione solitaria di lui, si apprezza lo spiffero
