1798 2450
230 489 1636 550 a ritiro. Navi, o montagna, sono nello sfondo della sua figura. E quando in casa, o nel suo
236 566 1632 622 ufficio, corde, ramponi, chiodi testimoniavano del suo passato di montanaro e di
238 640 1614 701 alpino, era come mettere l'occhio nell'angolo della cabina di comando del vecchio
236 714 1626 776 capitano, con strumenti e attrezzi di navigazione a portata di mano. Ma questi testi-
242 794 1618 848 moni della vita, dell'esistenza pratica, sembrano ricavare quel tanto di nostalgico
236 866 1612 924 spitiro necessario a tener vivo il motivo di un ideale racconto, continuo e
218 952 1634 998 inesauribile, di cui si fanno i narratori. Mettendosi appena una vena di nobile rettorica,
208 982 375 1047 Giustificata
246 1023 447 1076 del resto da
446 980 509 1034 una
455 1022 820 1072 umana partecipazione
237 1104 297 1154 Dopo
282 1065 321 1115 le
312 1100 583 1153 traduzioni
522 1043 932 1103 di altri               lavori
614 1091 1669 1147 Jahier s'è applicato a ridurre, in figura italiana, gli scritti auto-
238 1169 1642 1228 biografici, e i racconti di più diretto sfondo autobiografico di Conrad: Lo specchio del
236 1245 1624 1304 mare; Cronaca personale; Racconti tra terra e mare. Intorno a questi ha lavorato di
222 1332 1638 1374 note e di interpretazioni, raggiungendo di prexiosione il significato dell'opera attraverso la
235 1396 1043 1459 conoscenza del cuore dell'uomo Conrad: quasi
1010 1356 1183 1408 il risultato
1065 1394 1658 1448 sorgesse da una personale frequentazio-
226 1476 1630 1530 ne: nato a comprendere, dice Jahier a guardare nello stesso piano di coscienza i
238 1549 1618 1606 “selvaggi” del Congo e i loro stolidi “colonizzatori”. Piaceranno a Jahier le parole
236 1628 1666 1688 con cui lo dipinge uno che lo conobbe da vicino: “ciò che contava, per lui, era il ci-
226 1707 1654 1766 mento fra l'Uomo e gli Elementi, con un apparechhio tecnico, che fosse sempre un
236 1775 1662 1834 poco al di sotto del bisogno." In cui per apparechhio tecnico, traslatamente, sembra di
236 1854 1672 1910 identificare i mezzi materiali e morali che ha l'uomo per affrontare la natura e la real-
238 1932 1670 1986 tà di ogni momento. E quasi si pensa che solo con gli strumenti del mestiere, della professio-
248 2006 1666 2064 ne, l'uomo possa offrire al tempo incalzante, una giustificazione, anzi una prova da va-
