1798 2450
142 488 1560 542 lore anche sul piano dello spirito. Sono uomini, e scrittori, atti a narrare solo quanto è sta-
148 566 1536 622 to di loro esperienza, avendone il coraggio sereno, di viverla in ogni parte. La loro vita, e
136 637 1566 696 l'esperienza morale da essi ricavata, si chiamavano, semplicemente: lavoro. È stato nel corso
150 716 1556 774 della sua professione di marinaio, cioè durante il servizio o il lavoro, che a Conrad accad-
144 796 1562 841 dero le cose farà oggetto la narrazione di romanzi, di racconti Così, semplicemente. La loro paro-
147 862 330 917 la, che
270 836 338 888 avrà
346 860 585 914 anche espressione
452 852 582 886 valore
606 861 1573 921 d'arte, non avrà che aspettare, per esprimersi, il momento giu-
138 941 1556 996 sto: quello    in cui il cuore, carico di ricordi, troverà le parole, e una condensa particolare
148 1018 1558 1074 della memoria. Quasi, non si capisce in che cosa, essi siano artisti: Ce ne accorgiamo solo
128 1091 1558 1154 da questo: che deve essere nel loro animo un sentimento umano di pietà, per cui i loro rac-
156 1176 1560 1221 conti sono colorati di un colore di bellezza. Si direbbe che osservano il bene e il male delle azio-
148 1242 1251 1293 ni umane, e li giustificano, perché li conoscono. È uno spirito di profonda
1161 1210 1280 1263 sincera
1275 1245 1467 1299 compassione.
154 1322 1572 1378 La conosce (senza mostrarlo) chi ha lavorato in lavori materiali e sa quanto gli uomini pos-
150 1396 1574 1458 sono sbagliare. L'essere, in più, artista o scrittore, non significherà nulla. Oppure significhe-
142 1470 1562 1526 rà di provare un sentimento più profondo. Ha scritto Conrad: “Fermare per un momento le
152 1547 1458 1600 mani occupate nelle opere materiali della terra, costringere uomini assorti dalla
1386 1510 1447 1560 nella
1472 1550 1551 1602 vista
142 1624 1554 1684 lontana di successi materiali a contemplare per un attimo intorno ad essi una visione di
154 1700 1566 1756 forme, di colori, di luce e di ombra...Ma talvolta, per effetto della grazia e del merito,
156 1788 1580 1824 anche questo compito può essere adempiuto. E quando è adempiuto - o meraviglia! -
150 1845 777 1899 tutta la verità della vita vi è trovata
656 1824 802 1860 raggiunta:
792 1851 1572 1916 un attimo di visione, un sospiro, un sorriso,
164 1926 1564 1982 e il ritorno a un riposo eterno.” È semplice miracolo della poesia, attraverso le vie
156 2001 630 2054 dolorose e faticose del cuore.
