1798 2324
202 458 283 518 esilio
310 458 441 518 politico;
465 455 565 515 proprio
589 452 615 512 in
635 450 677 510 un
697 450 808 510 clima,
821 452 843 512 in
867 453 920 513 una
940 452 1048 512 stagione
1064 450 1087 510 di
1110 450 1164 510 gelo
1187 450 1195 510 e
1218 450 1241 510 di
1265 449 1392 509 ghiaccio
1412 448 1542 508 spietato.
1554 448 1608 508 Un

201 534 255 594 que,
273 535 376 595 sensate
409 536 430 596 la
452 537 591 597 debolezza

545 478 572 538 di
588 482 687 542 usarlo

638 534 703 594 come
728 534 865 594 conforto,
877 534 1064 594 null'inverno
1090 534 1118 594 di
1148 534 1266 594 guezza.
1281 534 1411 594 ‘43.4s.

197 611 262 671 bevo
281 606 331 666 dise
354 603 405 663 due
431 601 529 661 parole
551 600 624 660 della
650 601 763 661 scultura
789 602 887 662 antica
910 600 1034 660 pisana,
1045 600 1074 660 di
1096 600 1136 660 cui
1158 600 1209 660 feci
1232 601 1388 661 conoscenza
1411 602 1498 662 proprio
1520 602 1567 662 in.

201 682 450 742 quest'ultimo.
468 680 700 740 dopperguerrà:
738 678 765 738 Si
792 678 925 738 andava,
933 676 973 736 con
994 677 1048 737 una
1080 676 1202 736 scassata
1227 675 1479 735 automobilina,
1490 677 1513 737 in
1531 676 1599 736 giro,

203 761 250 821 per
273 758 299 818 le
329 758 461 818 provincie
484 756 506 816 di
536 756 635 816 Lucca
665 756 672 816 e
695 755 720 815 di
747 752 846 812 Pisa,
862 752 880 812 a
906 752 1039 812 ritrovare
1066 750 1106 810 gli
1140 752 1269 812 amici:
1288 750 1354 810 tutto
1376 751 1531 811 diventeva
1550 749 1620 809 ricor-

211 837 244 897 do
271 835 277 895 e
308 832 427 892 racconto
458 829 531 889 della
554 828 604 888 vita
631 826 744 886 vecente:
761 826 834 886 Nove
868 825 941 885 anni
965 823 1014 883 fa,
1025 828 1164 888 appena;
1188 826 1244 886 ma
1268 826 1404 886 sembrano
1425 826 1521 886 tanti,
1535 825 1608 885 perché

215 919 262 979 era
286 919 322 979 un
360 918 444 978 tempo
468 918 491 978 di
516 917 641 977 speranza
665 916 826 976 bellinimà,
840 915 897 975 quel
942 915 1077 975 benedetto
1101 913 1313 973 dopognerra.
1327 912 1499 972 Capitammo

1453 878 1536 938 dunque

1526 908 1591 968 aPiva

205 986 234 1046 pi
252 984 273 1044 si
299 984 378 1044 stava
403 982 590 1042 preparando
619 981 644 1041 la
662 980 787 1040 famosa,
795 980 895 1040 mostra
917 981 953 1041 dei
978 976 1093 1036 pisani.
1108 978 1183 1038 Così,
1194 979 1262 1039 come
1280 978 1309 1038 ho
1334 976 1409 1036 detto,
1417 975 1600 1035 imparanno

197 1070 209 1130 a
233 1070 378 1130 conoscere.
392 1070 508 1130 Ricola-

519 1033 522 1093 E

530 1069 662 1129 piovanni
684 1068 809 1128 Pisano,
824 1067 974 1127 Arnolfo",
986 1066 1041 1126 Dino
1063 1066 1070 1126 e
1093 1066 1100 1126 i
1122 1065 1258 1125 compagni
1269 1065 1342 1125 loro.
1365 1064 1430 1124 Così,
1442 1064 1486 1124 io,

1426 1006 1460 1066 da
1484 1009 1581 1069 allora.

1508 1061 1627 1121 quasiper-

181 1137 416 1197 divertimento,
426 1135 465 1195 mi
488 1134 592 1194 provai
632 1133 641 1193 a
664 1132 804 1192 guardare
827 1131 834 1191 è
863 1130 1049 1190 fantasticare
1085 1128 1111 1188 in

1145 1099 1242 1159 coderte

1167 1134 1247 1194 senate
1265 1138 1330 1198 opere
1353 1142 1460 1202 scolpite
1488 1145 1525 1205 dei
1551 1148 1608 1208 piso

171 1212 225 1272 ni,
235 1210 478 1270 contemporanei
501 1210 526 1270 di
559 1210 658 1270 Dante;
687 1211 738 1271 alla
761 1211 821 1271 luce
848 1210 879 1270 un
899 1208 950 1268 poco
973 1206 1088 1266 magica
1117 1206 1123 1266 e
1146 1205 1302 1265 incantata
1329 1200 1389 1260 delle
1431 1203 1527 1263 Rime-

227 1291 233 1351 È
275 1288 348 1348 qui,
359 1288 421 1348 nelle
453 1288 550 1348 Rime,
560 1288 619 1348 dove
658 1286 748 1346 Dante
786 1284 838 1344 per
870 1282 991 1342 rivelare
1027 1285 1050 1345 la
1075 1284 1123 1344 sma
1152 1285 1238 1345 vera,
1249 1282 1405 1342 strapotente
1437 1282 1572 1342 capacità

201 1378 324 1438 plastica
359 1377 364 1437 e
389 1376 672 1436 rapperesentativa.
688 1374 805 1434 Arcano
824 1373 829 1433 e
855 1373 1018 1433 seducente,
1027 1372 1110 1432 questo
1141 1371 1252 1431 trapasso
1280 1370 1329 1430 dai
1351 1369 1480 1429 caratteri
1514 1368 1575 1428 del-

181 1441 280 1501 l'arte
316 1440 434 1500 pisana,
440 1440 476 1500 dei
515 1438 621 1498 grandi
651 1436 768 1496 scultori
805 1437 811 1497 e
844 1436 1043 1496 plasticatori,
1055 1435 1082 1495 in
1103 1434 1190 1494 quella
1221 1432 1284 1492 dello
1321 1432 1441 1492 scrittore
1469 1435 1631 1495 fioventino,

190 1519 464 1579 contemporamo"
475 1518 500 1578 di
537 1517 660 1577 iotto.
700 1517 735 1577 La
772 1516 822 1576 sua
848 1515 1000 1575 fantasia
1040 1514 1188 1574 concepisce
1217 1514 1242 1574 in
1272 1513 1365 1573 figure
1388 1512 1553 1572 meateriali
1586 1512 1593 1572 e

180 1591 300 1651 frime,
311 1592 318 1652 e
358 1593 485 1653 traducci
511 1594 543 1654 in
573 1595 707 1655 materia
754 1597 863 1657 solida
907 1598 914 1658 e
940 1599 1084 1659 pesante.
1099 1600 1161 1660 Non
1179 1600 1193 1660 a
1212 1601 1277 1661 caso
1306 1602 1393 1662 spetta
1419 1603 1444 1663 la
1470 1604 1608 1664 qualifica

177 1673 201 1733 di
237 1672 416 1732 "fetrore"
424 1672 438 1732 à
481 1671 527 1731 un
560 1670 671 1730 gruppo

655 1630 711 1690 delle
730 1632 825 1692 Rime.

717 1669 749 1729 di
778 1669 839 1729 eser
872 1669 951 1729 Come
984 1668 1009 1728 in
1034 1668 1095 1728 una
1128 1667 1301 1727 Madonnna
1316 1667 1344 1727 di
1377 1666 1542 1726 Amolfo"
1550 1666 1575 1726 di

184 1743 334 1803 Cambio,
356 1740 394 1800 che
423 1738 551 1798 squadra
583 1738 602 1798 il
653 1736 765 1796 braccio
800 1737 806 1797 e
832 1738 982 1798 l'ampie
1024 1739 1145 1799 lunga,
1152 1738 1269 1798 robusta
1298 1735 1391 1795 mano
1426 1736 1439 1796 a
1481 1734 1525 1794 far
1554 1733 1582 1793 da

194 1819 260 1879 base
298 1815 326 1875 al
365 1812 483 1872 busto,
491 1813 497 1873 e
515 1812 536 1872 il
564 1810 637 1870 capo
665 1812 773 1872 oscilla
798 1810 822 1870 di
858 1810 955 1870 incerto
983 1810 1112 1870 dolore,
1130 1810 1343 1870 componendo
1371 1811 1399 1871 la
1420 1810 1514 1870 figura
1546 1813 1573 1873 in

191 1896 244 1956 una
276 1893 428 1953 classica,
443 1890 659 1950 virgiliana,
674 1887 826 1947 modulata
851 1886 1102 1946 immobilità,
1117 1890 1262 1950 costruisce
1298 1890 1393 1950 Dante
1422 1890 1446 1950 la
1472 1890 1528 1950 sua
1553 1890 1606 1950 in-

194 1970 317 2030 magine
355 1969 389 2029 in
420 1967 543 2027 marmo
574 1968 701 2028 antico.
725 1966 796 2026 Una
821 1966 910 2026 pietra
938 1965 971 2025 che
1003 1965 1019 2025 il
1061 1964 1156 2024 tempo
1180 1964 1221 2024 ha
1249 1964 1396 2024 levigato,
1410 1964 1571 2024 incavato,
