1798 2539
1537 320 1577 380 4.

229 501 407 561 maccarono
439 497 463 557 di
488 497 538 557 far
563 496 709 556 fruttare.
727 493 847 553 Svelore

742 433 770 493 La
783 431 876 491 valeni

859 491 908 551 (dei
928 488 1020 548 Canti,
1033 486 1098 546 dice:
1132 486 1155 546 “ce
1175 485 1240 545 n'est
1267 485 1309 545 prs
1336 486 1556 546 l'imagination
1572 487 1625 547 pure

225 582 260 642 qui
275 579 296 639 la
314 575 414 635 donne:
432 577 526 637 ferva,
535 572 745 632 demoniaque,
760 567 948 627 désordonnée
981 567 1013 627 on
1034 565 1067 625 ese
1082 563 1194 623 asperée
1218 563 1353 623 d'orgueil
1380 563 1412 623 en
1436 563 1477 623 des
1495 563 1587 623 visions

241 657 427 717 Lèmentes,
434 653 470 713 Mle
494 651 578 711 effare
606 648 707 708 plutôt
741 646 849 706 qu’elle
876 643 899 703 ne
927 643 1051 703 seduit;
1068 643 1125 703 pris

1171 640 1273 700 méme
1307 639 1377 699 dans
1404 641 1613 701 l’incoscience,

217 732 233 792 il
260 731 280 791 ey
297 729 310 789 a
333 727 379 787 des
410 724 585 784 influences
612 725 755 785 possibles
792 723 808 783 à
839 719 1077 779 déterminer."
1088 718 1151 778 Cita
1168 717 1241 777 Anne
1264 714 1430 774 Radeliffe,
1437 717 1593 777 Maturia,

230 806 354 866 Bron,
366 803 487 863 Flombest
506 802 574 862 (delle
597 800 793 860 Tentazioni),
801 799 824 859 la
839 797 956 857 Hibbia,
961 795 968 855 e
987 792 1100 852 rapporti
1127 788 1225 848 medici
1241 787 1263 847 sn
1282 787 1342 847 casi
1362 787 1384 847 di
1403 787 1531 847 erotismo.
1543 788 1581 848 Per
1596 788 1615 848 il

234 876 334 936 sistema
360 876 379 936 di
399 875 547 935 immagini
570 874 698 934 riprodotte
724 872 751 932 da
774 871 970 931 un'ossessione
998 870 1017 930 di
1040 869 1188 929 misticismo
1211 865 1317 925 seuale
1337 863 1353 923 (o
1376 863 1449 923 frrse,
1457 862 1488 922 era
1508 861 1521 921 il
1552 861 1600 921 coso
1614 861 1636 921 di

226 953 269 1013 dire
294 954 444 1014 aseruale),
454 952 479 1012 fa
491 952 513 1012 il
535 950 610 1010 nome
629 948 647 1008 di
657 947 754 1007 odilon
767 947 929 1007 Redon."..
948 945 1001 1005 quel
1033 945 1123 1005 totéme
1148 941 1210 1001 pour
1233 939 1251 999 le
1277 938 1383 998 maritru
1414 937 1451 997 des
1477 940 1589 1000 formes

231 1029 400 1089 Netrogledes

234 988 426 1048 retrogradis

422 1029 446 1089 de
472 1030 499 1090 la
526 1027 626 1087 peur,
638 1023 673 1083 des

706 1023 874 1083 amorphes
908 1018 1137 1078 grouillements
1160 1015 1203 1075 des
1230 1013 1299 1073 Etres
1339 1013 1385 1073 qui
1405 1013 1465 1073 sont
1489 1013 1660 1073 presque..")

235 1106 464 1166 L'indicazione
489 1103 529 1163 era
555 1101 680 1161 precisa;
696 1099 730 1159 del
752 1099 814 1159 resto
846 1097 968 1157 l'aveva
999 1097 1152 1157 prevenuta
1178 1094 1312 1154 l'autore
1341 1094 1362 1154 di
1403 1094 1419 1154 Ht
1453 1092 1603 1152 Rbours,
1616 1092 1638 1152 di

1208 366 1419 426 éiorie

243 1179 437 1239 Huyssemans,
445 1179 478 1239 che
494 1178 516 1238 in
531 1177 587 1237 una
606 1177 692 1237 lettera
715 1176 726 1236 a
748 1175 819 1235 Jules
842 1177 939 1237 Destrée

908 1133 963 1193 (27
992 1133 1118 1193 sottembre
1140 1135 1228 1195 1885.

966 1175 977 1235 ,
983 1174 1140 1234 accusando
1160 1171 1285 1231 riclonta
1310 1169 1345 1229 del
1375 1168 1462 1228 libro,
1473 1168 1606 1228 scrive:"
1612 1169 1628 1229 "le

240 1258 372 1318 singalier
406 1253 554 1313 bouquis,
567 1253 619 1313 avec
647 1253 690 1313 son
722 1253 839 1313 leprisme
861 1253 987 1313 bouffe,
997 1252 1030 1312 ses
1055 1253 1277 1313 euragements
1309 1243 1460 1303 sanglants
1479 1245 1503 1305 de
1531 1245 1645 1305 marquis

230 1336 257 1396 de
285 1337 401 1397 Sade..
432 1334 633 1394 “Caggiunge:
665 1328 740 1388 "C'est
767 1325 832 1385 vrai
853 1325 931 1385 qu’il
959 1325 976 1385 y
997 1325 1007 1385 a
1034 1325 1061 1385 là
1082 1325 1226 1385 -dedans
1253 1324 1297 1384 des
1315 1321 1523 1381 canchemars

1304 1275 1507 1335 carthenari

1554 1319 1568 1379 à
1589 1320 1614 1380 la

229 1414 366 1474 Redon"."
373 1410 403 1470 In
422 1408 481 1468 suoi
503 1403 674 1463 romanzi,
684 1403 805 1463 racconti
827 1403 833 1463 e
859 1402 936 1462 sogni
974 1401 995 1461 si
1021 1400 1151 1460 ricorderà
1183 1396 1220 1456 del
1260 1395 1397 1455 singulier
1419 1391 1565 1451 bouquin",
1572 1391 1575 1451 e
1594 1392 1628 1452 del

232 1491 274 1551 suo
302 1482 418 1542 antore:
452 1480 482 1540 cet
513 1480 635 1540 êtrange
663 1479 852 1539 bontromme
877 1477 922 1537 qui
953 1477 965 1537 a
999 1477 1057 1537 cuiè
1088 1476 1243 1536 l'hegmne
1277 1473 1289 1533 à
1314 1472 1341 1532 la
1366 1471 1534 1531 pedérastie
1565 1472 1635 1532 avec-

208 1565 262 1625 des
286 1564 356 1624 belles
380 1562 532 1622 phreds"

371 1509 486 1569 phrage

535 1559 538 1619 .
558 1558 716 1618 Contenuti,
735 1554 806 1614 come
832 1553 851 1613 si
875 1553 942 1613 vede,
952 1552 1087 1612 interessi.

938 1513 980 1573 evit
995 1513 1068 1573 gresi

1097 1550 1102 1610 e
1128 1548 1282 1608 instrizioni

1143 1518 1306 1578 linuono

1309 1546 1342 1606 che
1366 1545 1457 1605 ancora
1473 1545 1528 1605 oggi
1552 1546 1604 1606 non
1620 1545 1653 1605 so-

224 1638 256 1698 no
289 1639 327 1699 poi
358 1636 461 1696 passarti
488 1633 514 1693 di
542 1633 654 1693 morla.

241 1719 263 1779 Il
288 1713 472 1773 suprealismo
501 1713 526 1773 in
542 1711 640 1771 quella
666 1707 767 1767 modo,
783 1705 890 1765 almeno
913 1704 951 1764 per
970 1704 1084 1764 tentare
1106 1703 1128 1763 la
1290 1698 1407 1758 capecità
1436 1697 1455 1757 di
1474 1698 1556 1758 rivolta
1582 1699 1654 1759 soia-

238 1796 279 1856 le,
285 1792 294 1852 o
308 1789 393 1849 meglio
412 1787 437 1847 di
460 1784 688 1844 sconvolgimento
705 1781 873 1841 nell'ordine
892 1779 1016 1839 morale,
1026 1779 1051 1839 li
1071 1778 1175 1838 metterà
1207 1775 1239 1835 fra
1265 1775 1299 1835 gli
1322 1771 1477 1831 argomenti
1506 1771 1528 1831 di
1547 1771 1652 1831 rivolu-

244 1866 323 1926 zione:
339 1866 345 1926 è
364 1865 510 1925 passeranno
529 1863 564 1923 un
583 1861 641 1921 poco
660 1859 726 1919 come
743 1856 774 1916 gli
787 1856 927 1916 intonava
936 1853 1025 1913 mosi"
1029 1853 1226 1913 dell'italiano
1248 1852 1410 1912 futterismo.
1426 1850 1544 1910 fuorono,
1550 1851 1556 1911 è
1576 1851 1658 1911 proba-

238 1944 298 2004 bile,
311 1941 457 2001 argomenti
480 1939 486 1999 e
511 1939 610 1999 ragioni
632 1938 651 1998 di
674 1936 712 1996 più
731 1937 864 1997 profondo
890 1936 1043 1996 significato
1068 1932 1176 1992 umano
1202 1928 1208 1988 e
1244 1926 1380 1986 aulturale.
1390 1924 1587 1984 Ogiinazione,
1600 1925 1651 1985 ogni

229 2015 290 2075 vera
312 2016 414 2076 cultura
450 2016 485 2076 ha
507 2014 523 2074 le
549 2013 590 2073 sue
622 2013 724 2073 cadute,
744 2013 759 2073 le
785 2013 823 2073 sue
846 2013 999 2073 malattie,
1012 2010 1028 2070 le
1050 2007 1091 2067 sue
1121 2005 1197 2065 crisi.
1210 2002 1283 2062 Quelle
1312 2001 1369 2061 della
1395 2001 1475 2061 cutture
1501 2003 1612 2063 franase,
1622 2003 1650 2063 nel
