1798 2473
170 296 182 356 9

168 455 186 515 le
211 448 379 508 Donanier,
397 449 437 509 con
456 447 489 507 un
508 446 621 506 basciedlo
642 446 857 506 particolamente
884 443 988 503 dedicato
1013 442 1022 502 a
1041 442 1095 502 lui;

1041 358 1133 418 André
1168 360 1278 420 Deraia,

1139 443 1204 503 Fran
1213 442 1244 502 cis
1270 441 1393 501 Picalia;
1410 440 1480 500 Uanri
1502 445 1594 505 Matia

164 524 251 584 brarie
279 527 450 587 Laurencin,
465 526 551 586 Albert
591 523 709 583 Glizez,
730 523 1014 583 JeauMetzinger,
1035 524 1153 584 Bruce;
1189 524 1290 584 Gorges
1322 524 1458 584 Braque;

203 604 318 664 ;
347 596 513 656 Alenandre
542 597 759 657 Archipentto;
772 595 903 655 Maurice
929 594 957 654 de
987 594 1181 654 Vlamincke,
1210 595 1328 655 JFernand
1360 596 1456 656 Léger,
1469 594 1574 654 Marino

163 679 194 739 De
225 678 369 738 “Zayas.
381 677 427 737 Col
454 677 531 737 doppio
543 673 676 733 fascicolo:
692 672 733 732 NÈ
764 672 794 732 26
829 670 837 730 e
860 670 910 730 27,
922 669 952 729 la
967 668 1044 728 rivista
1063 668 1158 728 cassava
1182 668 1204 728 le

1194 634 1251 694 sul

1239 668 1445 728 pbblicasioni,
1456 666 1469 726 vi
1486 666 1544 726 data

161 756 242 816 luglio
262 755 268 815 -
291 753 378 813 agosto
402 752 486 812 19144.
527 750 707 810 Apollinaire
745 750 829 810 doveva
876 750 957 810 adesso,
964 751 1132 811 prepararsi,

1032 702 1060 762 ad
1089 702 1210 762 andareiù

1149 750 1202 810 alln
1225 748 1324 808 guarva.
1334 747 1352 807 Il
1378 748 1397 808 si
1413 748 1493 808 luglio
1515 748 1521 808 è
1544 749 1588 809 af-

172 831 235 891 fisso
259 828 313 888 nelle
331 828 418 888 strade
442 826 603 886 l'anencio
631 825 696 885 della
720 826 924 886 mobilitazione
954 826 1062 886 generale.
1092 826 1155 886 Alla
1182 826 1226 886 fine
1248 825 1271 885 di
1296 822 1382 882 agosto,
1395 823 1400 883 e
1419 823 1439 883 ai
1451 823 1520 883 primi
1532 823 1553 883 de

155 904 276 964 settembre
303 902 311 962 i
338 901 435 961 tedeschi
462 902 580 962 puntano
601 900 631 960 su
652 900 755 960 Parigi.
779 900 867 960 Giusto
894 899 917 959 in
941 898 1003 958 quei
1033 898 1127 958 mesi,
1140 897 1310 957 Apollinaire
1343 894 1491 954 progettava
1509 895 1526 955 di

154 982 299 1042 pubblicare
332 978 373 1038 un
395 978 462 1038 libro
489 978 529 1038 che
554 977 640 1037 doveva
660 978 805 1038 raccogliere
838 977 892 1037 quei
917 975 965 1035 suoi
995 973 1071 1033 poessi
1098 972 1171 1032 mati
1196 970 1266 1030 dalla
1290 970 1336 1030 vita
1358 968 1552 1028 consanguinea,

173 1061 199 1121 fa
218 1058 241 1118 la
268 1057 363 1117 pittura
382 1056 389 1116 e
405 1055 431 1115 la
455 1052 561 1112 poesia,
573 1051 603 1111 che
634 1050 740 1110 avrebbe
756 1048 835 1108 donto
859 1047 1033 1107 chiamarsi:
1087 1045 1113 1105 Et
1148 1044 1205 1104 mor
1232 1046 1300 1106 anssi
1324 1047 1346 1107 je
1373 1046 1422 1106 suis
1438 1046 1556 1106 peintre.

164 1133 183 1193 Il
210 1131 264 1191 libro
284 1129 333 1189 usci
359 1128 457 1188 invece
483 1127 552 1187 dopo
578 1127 592 1187 il
607 1126 708 1186 ritorno
728 1126 753 1186 di
785 1124 946 1184 Apollinaure

920 1088 1000 1148 efonte
1014 1086 1078 1146 dalla
1092 1084 1256 1144 vitamilitno

977 1126 1046 1186 dopo
1067 1126 1090 1186 la
1105 1124 1244 1184 pvrentesi
1262 1124 1419 1184 drammatica
1442 1122 1501 1182 dels
1514 1122 1555 1182 sue_

161 1206 289 1266 malattia
311 1207 469 1267 conseguente
498 1206 544 1266 alla
576 1207 648 1267 ferita
662 1207 684 1267 di
709 1207 805 1267 guerra.
827 1207 859 1267 L'
863 1208 895 1268 fu
920 1203 1146 1263 Calligrammes,
1164 1203 1285 1263 poèmes
1311 1204 1339 1264 de
1368 1204 1397 1264 la
1415 1203 1486 1263 paire
1512 1201 1533 1261 et
1555 1200 1579 1260 di

169 1289 193 1349 la
214 1288 339 1348 guerre.

183 1360 232 1420 Gli
259 1358 373 1418 ultimi,
382 1356 422 1416 due
446 1354 516 1414 anni
537 1353 554 1413 di
581 1352 630 1412 vita
657 1351 677 1411 di
709 1350 864 1410 Apollinaire
894 1351 1049 1411 trascorsero,
1064 1350 1189 1410 fervidi,
1204 1350 1332 1410 animori
1356 1352 1376 1412 di
1400 1352 1525 1412 continui

181 1438 311 1498 progetti,
321 1436 341 1496 di
370 1433 480 1493 abborzi
507 1431 516 1491 e
536 1428 638 1488 disegni
673 1428 711 1488 per
737 1428 746 1488 i
772 1427 874 1487 lavori,
880 1426 915 1486 che
930 1425 1069 1485 riservava
1087 1426 1323 1486 porll'aevenire.
1355 1425 1384 1485 Lo
1411 1424 1428 1484 si
1446 1423 1530 1483 vedeva

177 1515 193 1575 il
231 1512 303 1572 capo
341 1508 435 1568 ancora
462 1506 578 1566 fasciato
610 1508 721 1568 secondo
748 1508 766 1568 il
791 1508 869 1568 tipico
896 1506 1070 1566 pansement
1111 1504 1264 1564 chirurgico
1286 1504 1310 1564 di
1335 1502 1428 1562 guerra,
1445 1508 1488 1568 nei
1507 1511 1584 1571 caffi-,

172 1586 230 1646 nelle
263 1584 404 1644 trattorie,
413 1584 482 1644 nelle
518 1582 617 1642 gallerie
640 1582 756 1642 d'arte.
778 1582 808 1642 La
839 1582 888 1642 sua
916 1582 1052 1642 giovanile
1080 1582 1140 1642 foga
1171 1578 1298 1638 polemica
1318 1576 1447 1636 sembrava
1467 1576 1514 1636 non
1531 1578 1597 1638 vole-

172 1662 186 1722 se
223 1660 423 1720 acquietarsi.
443 1658 584 1718 Parlava;
593 1656 598 1716 e
618 1656 745 1716 raggeriva
766 1656 827 1716 idee
856 1655 881 1715 di
904 1654 983 1714 nuove
1011 1653 1119 1713 riviste,
1125 1652 1155 1712 che
1187 1650 1277 1710 teneva
1297 1649 1320 1709 il
1359 1648 1512 1708 battesimo.
1523 1650 1588 1710 Parte

173 1733 299 1793 cipava,
309 1734 350 1794 con
365 1734 387 1794 la
417 1734 463 1794 sua
497 1734 619 1794 presenza
638 1732 723 1792 ormai
751 1730 938 1790 atoritaria,
950 1728 970 1788 al
1004 1727 1099 1787 lavoro
1121 1727 1158 1787 dei
1177 1726 1248 1786 vecchi
1270 1728 1348 1788 amici
1370 1727 1474 1787 pittori,
1484 1726 1491 1786 e
1511 1726 1528 1786 di
1548 1728 1567 1788 al

165 1821 221 1881 uni
251 1815 342 1875 nuovi:
363 1811 419 1871 come
452 1808 572 1868 Survage
602 1809 608 1869 e
635 1809 661 1869 De
679 1807 797 1867 Cchirico.
812 1809 835 1869 Si
856 1808 897 1868 era
927 1808 1080 1868 aggiustata
1107 1807 1136 1867 la
1160 1806 1213 1866 casa
1237 1805 1296 1865 sotto
1317 1802 1322 1862 i
1340 1802 1390 1862 tetti
1414 1802 1441 1862 di
1464 1800 1588 1860 boulerard

160 1891 394 1951 Saint_Germain
428 1888 458 1948 20
477 1888 507 1948 2:
528 1888 803 1948 l'appartamentino
832 1887 870 1947 suo
899 1888 919 1948 di
950 1887 981 1947 un
1007 1886 1097 1946 tempo,
1110 1885 1135 1945 in
1146 1884 1207 1944 vista
1233 1884 1256 1944 di
1282 1884 1331 1944 una
1354 1884 1429 1944 serena
1450 1884 1503 1944 vita
1524 1887 1601 1947 casa-

169 1973 255 2033 linga.
279 1968 342 2028 S'era
363 1965 554 2025 ammogliato.
571 1964 574 2024 E
606 1962 652 2022 alle
679 1962 756 2022 pareti
792 1959 942 2019 andavano
983 1959 1162 2019 collocandosi
1183 1957 1203 2017 le
1232 1957 1353 2017 pitture,
1362 1957 1426 2017 sugli
1443 1956 1553 2016 scaffali-
