1798 2427
196 475 259 535 della
278 472 360 532 città,
373 473 584 533 accompagnate
610 474 635 534 in
655 473 730 533 questa
743 471 831 531 ronda
857 469 923 529 dalle
949 469 1018 529 mute
1043 471 1071 531 di
1097 471 1160 531 cani
1186 471 1356 531 abbaianti.
1372 471 1378 531 I
1407 471 1473 531 cani
1493 475 1612 535 restavano

196 550 265 610 nelle
293 545 395 605 lunghe
417 547 483 607 notti
508 548 659 608 invernali
693 546 720 606 ad
744 545 868 605 abbaiare
893 546 953 606 sulle
978 546 1086 606 mura.
1102 547 1284 607 Rimbaud,
1293 548 1441 608 solitario,
1448 547 1611 607 abbondanati

179 628 207 688 in
227 626 312 686 attesa
338 625 376 685 del
402 625 497 685 sonno,
511 625 660 685 ascoltava.
680 621 781 681 Stanto,
798 623 1021 683 nell'insoria,
1034 623 1145 683 sognava
1174 623 1235 683 altri
1254 624 1350 684 paesi.
1366 624 1509 684 All'abba,
1516 627 1551 687 era
1567 629 1589 689 in

184 709 279 769 piedi.
296 704 318 764 Il
337 701 433 761 giovane
459 701 523 761 servo
556 702 661 762 Djami
681 701 706 761 lo
726 701 860 761 salutava.
889 701 972 761 Giorni
995 699 1001 759 e
1030 699 1097 759 mesi
1126 697 1164 757 che
1187 697 1239 757 non
1258 698 1421 758 passavano
1441 699 1524 759 mai.
1540 701 1568 761 El

201 787 320 847 aumentò
354 787 387 847 la
415 788 596 848 malinconia
616 788 677 848 della
702 789 752 849 vita
778 789 813 849 un
844 789 914 849 male
939 790 972 850 che
992 790 1031 850 qui
1062 790 1084 850 la
1106 790 1198 850 colpe.

1051 736 1183 796 contrasse

1216 782 1369 842 Mongiua
1391 785 1499 845 Bardey
1517 787 1538 847 lo
1556 788 1622 848 affer-

187 851 238 911 ma,
245 853 329 913 muna
346 851 391 911 sua
404 850 520 910 lettera:
563 849 595 909 "Il
624 850 657 910 en
673 849 748 909 avait
780 852 809 912 les
832 852 961 912 marques
985 853 1205 913 incontestable
1231 849 1302 909 dans
1325 849 1351 909 la
1371 849 1500 909 bonche".
1516 851 1542 911 Si
1555 853 1607 913 cure

197 928 257 988 pare
299 927 345 987 alla
366 927 482 987 meglio.
491 928 517 988 Il
541 927 631 987 male,
643 927 794 987 paziente,
800 927 894 987 ritornò
923 927 987 987 dieci
1008 927 1089 987 anni
1116 928 1197 988 dopo.
1212 926 1337 986 TVraggiò,
1349 926 1381 986 per
1396 928 1401 988 i
1425 929 1471 989 suoi
1489 929 1614 989 mercati,

172 962 311 1022 acguistava
328 961 411 1021 partité
431 961 453 1021 di
475 961 545 1021 pelli,
556 961 572 1021 di
590 961 663 1021 iorio

189 1006 420 1066 Corrispondeva,
426 1006 454 1066 col
475 1007 638 1067 principale,
649 1006 663 1066 a
687 1005 795 1065 Aden,
804 1004 847 1064 non
864 1005 941 1065 senza
964 1005 1130 1065 divergenze
1156 1003 1161 1063 e
1182 1003 1344 1063 discuzsioni
1371 1003 1402 1063 che
1425 1003 1608 1063 anmentavane

186 1084 209 1144 di
232 1083 319 1143 grorno
342 1082 371 1142 in
388 1080 481 1140 giorno.
495 1078 530 1138 Nel
554 1075 660 1135 dicembre
683 1078 741 1138 ‘81,
748 1076 845 1136 ottenne
868 1076 891 1136 di
914 1077 1037 1137 ritornare
1060 1077 1164 1137 insede,
1187 1078 1199 1138 a
1216 1078 1313 1138 Aden.
1330 1076 1469 1136 L'anno
1499 1077 1524 1137 ‘82
1557 1078 1605 1138 tra-

172 1159 237 1219 scorse
267 1155 424 1215 all'incirca
460 1154 516 1214 come
534 1153 551 1213 il
581 1153 682 1213 solito:
700 1154 741 1214 vita
759 1154 919 1214 d'ufficio,
934 1154 952 1214 al
982 1154 1135 1214 mercato,
1148 1153 1209 1213 sulle
1230 1153 1364 1213 banchisse
1382 1153 1417 1213 del
1441 1155 1506 1215 porto
1542 1155 1568 1215 In

182 1237 298 1297 qualche
323 1232 421 1292 duffè,
427 1231 460 1291 ad
484 1229 597 1289 ascoltare
621 1227 639 1287 le
666 1229 830 1289 chiacchiere
848 1231 1066 1291 interminabili
1093 1232 1132 1292 dei
1150 1234 1317 1294 trafficanti,
1327 1235 1368 1295 dei
1392 1235 1544 1295 marinai,
1556 1237 1589 1297 dei

188 1311 339 1371 vagabondi
357 1309 457 1369 d’ogni
483 1309 583 1369 genere.
604 1310 764 1370 Rimbaud
799 1311 936 1371 vagheggia
957 1310 979 1370 di
1000 1309 1108 1369 ricavare
1132 1307 1238 1367 qualche
1261 1306 1347 1366 studio
1376 1307 1421 1367 dai
1436 1307 1485 1367 suoi
1508 1307 1582 1367 viagg-

182 1389 379 1449 nell'interno,
396 1386 497 1446 qualche
529 1384 628 1444 lavoro,
644 1383 701 1443 come
727 1384 743 1444 si
765 1384 835 1444 dice,
848 1385 1010 1445 scientifico.
1024 1385 1109 1445 Pensa
1126 1383 1167 1443 alla
1196 1384 1285 1444 Société
1330 1385 1352 1445 de
1384 1387 1559 1447 Géographie

184 1466 210 1526 de
250 1461 348 1521 france,
358 1460 371 1520 a
394 1459 433 1519 cui
460 1458 519 1518 sotto
529 1457 605 1517 pornà
638 1458 647 1518 i
668 1459 717 1519 suoi
737 1461 874 1521 progetti.
898 1461 1006 1521 Ciedo,
1020 1458 1075 1518 alla
1095 1459 1256 1519 famiglia,
1270 1459 1368 1519 ancora
1385 1460 1431 1520 dei
1454 1461 1523 1521 libri.
1540 1465 1608 1525 Chiedo

179 1544 202 1604 in
232 1542 277 1602 una
294 1539 385 1599 lettlra
409 1538 428 1598 al
467 1537 565 1597 vecchio
589 1536 680 1596 amico
713 1535 853 1595 Delahage
886 1534 1017 1594 (lamico
1037 1537 1060 1597 di
1080 1537 1266 1597 Verlaine...),
1283 1537 1390 1597 l'ainto
1417 1537 1426 1597 a
1447 1537 1583 1597 procurarse

183 1620 214 1680 gli
230 1617 362 1677 strumenti
387 1615 547 1675 scientifici
573 1612 701 1672 necessari
720 1609 754 1669 ad
783 1609 820 1669 un
840 1608 924 1668 lavoro
950 1608 971 1668 di
1006 1607 1103 1667 codesto
1129 1609 1232 1669 genere:
1257 1609 1301 1669 un
1326 1611 1468 1671 teodolite
1493 1615 1518 1675 da
1540 1617 1602 1677 viag-

196 1697 256 1757 gio,
270 1696 305 1756 un
331 1692 486 1752 sestante,
503 1690 554 1750 una
587 1689 687 1749 bressola
719 1689 803 1749 Cravet
836 1687 852 1747 a
875 1687 987 1747 livella,
1000 1689 1036 1749 un
1059 1686 1217 1746 barometro
1240 1685 1366 1745 anervide
1395 1688 1420 1748 da
1454 1693 1544 1753 tisca;
1557 1700 1627 1760 squa-

180 1765 236 1825 dee,
248 1767 386 1827 compassi,
398 1767 562 1827 decimetro,
586 1767 712 1827 tiralime
742 1765 748 1825 e
769 1766 836 1826 carta
866 1765 901 1825 da
928 1765 1092 1825 disegno...
1113 1763 1278 1823 All’amico
1308 1765 1340 1825 del
1381 1768 1452 1828 tempo
1476 1769 1584 1829 favolon

169 1841 191 1901 di
216 1840 382 1900 Charleville,
388 1839 414 1899 di
433 1839 545 1899 Parigi,
558 1841 580 1901 di
605 1840 765 1900 Bruxelles,
778 1841 828 1901 non
845 1841 912 1901 trova
928 1842 953 1902 da
982 1844 1135 1904 aggiungere
1158 1843 1247 1903 altro;
1260 1844 1307 1904 non
1330 1844 1364 1904 un
1384 1844 1480 1904 cenno,
1496 1844 1527 1904 un
1540 1846 1613 1906 ricor-

180 1919 234 1979 do.
244 1917 250 1977 E
279 1917 304 1977 in
323 1917 463 1977 previsione
489 1915 521 1975 dei
553 1915 661 1975 tonarce
690 1913 757 1973 nello
783 1913 910 1973 Harrar,
927 1913 1102 1973 raccomanda
1131 1913 1216 1973 buone
1242 1913 1306 1973 carte
1335 1917 1526 1977 geografiche.
1536 1919 1564 1979 La
1580 1920 1615 1980 vita

181 2007 187 2067 è
213 2007 309 2067 sempre
340 2007 465 2067 faticosa
484 2007 518 2067 per
540 2007 599 2067 lui.
619 2006 687 2066 Soffre
709 2006 737 2066 di
753 2006 818 2066 essere
847 2006 871 2066 in
890 2006 974 2066 quuesto
993 2006 1136 2066 maledetto
1155 2005 1271 2065 angolo:
1302 2005 1402 2065 Aden,
1415 2005 1499 2065 scrive,
1512 2005 1542 2065 est
1565 2005 1592 2065 un
